2408 3848
112 187 154 256 12
400 183 841 244 Auammcorumumau

111 357 143 415 in
170 355 361 413 diffinitione:
391 354 484 430 „sibi
515 352 771 427 obviantium“,
802 353 876 428 quia
905 353 929 413 si
962 353 1038 414 tales
1069 352 1133 414 due·

109 443 215 505 fierent
237 445 387 519 separate,
414 462 473 503 nou
499 443 671 518 proveniret
697 460 732 499 ex
760 442 801 501 eis
825 442 963 518 angulue3
993 445 1023 500 et
1045 443 1127 503 simi-

110 533 189 607 liter,
212 533 239 591 si
256 551 414 591 concursus
434 551 534 590 eorum
552 532 630 592 foret
648 529 808 590 secundum
826 530 1043 605 rectitudinem,
1064 549 1128 592 non

110 621 195 681 fieret
218 640 253 681 ax
276 621 318 681 eia
340 621 477 698 angulus,
500 623 530 679 et
551 620 607 683 hoc
629 623 688 694 est,
711 619 790 694 quod
812 619 869 680 dua
891 620 968 679 linea
992 620 1034 679 sic
1058 638 1127 678 con·

84 711 210 772 aiuncte
231 709 337 770 fierent
358 728 419 771 una
440 710 529 784 linea,
551 712 583 768 et
604 727 664 769 non
685 707 769 768 fieret
792 727 827 769 ex
850 709 891 768 eis
915 708 1051 785 angulus.

178 797 263 856 Dixit
286 817 415 874 quoque,
438 798 519 874 quod
541 798 599 857 due
622 797 699 858 lnce
722 797 765 855 sic
787 797 893 872 posite,
917 815 1045 872 quarum
1062 816 1127 859 una

112 887 149 949 ab
173 888 268 949 altera
291 887 428 963 declinat,
449 887 491 947 eit
513 887 650 965 augura
687 885 815 955 Quidam
835 888 944 964 putant
961 886 1128 947 secundum

110 977 179 1054 hoc,
207 976 288 1052 quod
315 975 423 1037 dicitur
449 976 481 1037 in
509 976 566 1037 hac
593 974 786 1050 dillinitione,
814 975 895 1049 quod
913 978 1019 1036 acutus
1042 977 1126 1037 racto

111 1065 152 1127 sic
177 1065 287 1141 minor,
320 1068 351 1123 et
376 1065 472 1126 maius
501 1067 531 1124 et
556 1064 655 1126 minus
682 1065 753 1125 sunt
783 1063 814 1123 in
842 1064 1025 1139 quantitate,
1053 1083 1125 1142 argo

72 1169 98 1208 ιο
112 1154 240 1230 angulus
264 1155 310 1214 est
329 1154 490 1229 quantitas.
530 1153 670 1231 Angelus
689 1171 809 1228 quoque
829 1152 919 1213 habet
937 1152 1126 1229 qualitatem,

111 1242 224 1306 scilicet
243 1242 315 1317 quia
334 1243 473 1318 expuncto
493 1245 523 1303 et
541 1242 665 1317 acutae,
689 1260 747 1317 que
765 1241 885 1301 suntin
904 1241 1030 1318 angulis,
1052 1246 1127 1306 aunt

111 1331 282 1407 qualitates.
326 1331 447 1408 Angulo
474 1335 610 1408 preterea
632 1330 752 1405 accidit,
779 1333 815 1389 ut
837 1329 988 1391 dividatur
1009 1329 1042 1389 iu
1064 1329 1126 1393 duo

110 1420 222 1494 media,
257 1421 336 1496 quod
373 1421 520 1498 contingit
549 1420 582 1481 in
615 1421 649 1478 9²
679 1418 776 1495 figura
807 1418 897 1479 tercie
928 1419 1023 1496 partis
1054 1419 1126 1480 libri

112 1509 278 1584 Eudamum
301 1509 354 1571 sed
376 1509 505 1570 divisum
527 1509 559 1568 in
582 1509 641 1569 duo
663 1507 761 1568 media
783 1527 844 1568 nou
863 1511 910 1568 eet
926 1508 985 1567 nisi
1004 1509 1124 1584 quanti·

72 1611 97 1651 1⁵
111 1599 166 1659 tas.
215 1597 356 1659 Preterea
383 1599 513 1675 angulus
540 1596 685 1656 dividitur
712 1615 780 1657 cum
806 1597 898 1672 linea,
930 1615 966 1656 ac
993 1597 1020 1656 si
1045 1600 1126 1659 esset

110 1686 266 1765 longitudo
290 1690 321 1747 et
343 1687 480 1747 latitudo.
522 1685 757 1760 verumptamen
774 1685 936 1746 secundum
954 1686 1018 1760 hoc,
1041 1687 1125 1762 quod

97 1795 229 1851 queque
257 1775 426 1859 superficies
455 1774 598 1834 dividitur
625 1792 694 1844 cum
719 1773 799 1833 linea
826 1774 859 1834 in
881 1775 1069 1851 longitudine
1094 1779 1126 1837 et

110 1864 283 1939 latitudine,
311 1866 342 1923 ct
369 1863 498 1939 angulus
521 1862 666 1923 dividitur
688 1862 720 1922 in
742 1863 929 1940 longitudine
952 1863 988 1922 dc
1010 1867 1125 1940 puncto

111 1952 150 2013 ad
167 1954 320 2027 punctum,
342 1953 372 2009 et
390 1971 450 2013 nou
469 1951 613 2013 dividitur
630 1951 662 2011 in
680 1951 848 2027 latitudine,
868 1951 1010 2028 quoniam
1027 1971 1125 2030 angu-

72 2055 98 2097 uo
111 2041 158 2101 lus
186 2059 246 2101 non
268 2040 414 2102 minuitur
436 2043 558 2116 propter
579 2044 693 2116 partes,
718 2060 775 2116 que
798 2040 979 2116 proveniunt
1001 2043 1126 2118 propter

59 2201 65 2212 ,
111 2129 215 2204 lineas,
239 2148 297 2204 que
320 2130 537 2205 protrahuntur
559 2149 648 2204 super
669 2130 744 2189 duas
768 2129 862 2191 lineas
882 2129 1026 2207 angulum
1045 2149 1124 2191 com·

110 2218 338 2294 prehendentea:
369 2219 496 2294 ideoque
528 2238 645 2293 verum,
678 2219 759 2294 quod
790 2219 919 2296 anguina
946 2238 1007 2278 uon
1033 2219 1128 2280 habet

110 2306 310 2371 latitudinem
355 2307 493 2384 angulus
522 2326 642 2383 quoque
669 2326 827 2382 corporeus
854 2327 914 2368 non
942 2307 1032 2367 habet
1054 2327 1125 2384 pro·

112 2396 305 2472 funditatem,
332 2415 366 2456 eo
391 2395 470 2472 quod
492 2396 655 2456 secundum
676 2397 912 2472 profunditatem
934 2415 994 2457 non
1017 2397 1126 2458 dividi·

71 2498 97 2539 aa
110 2486 169 2545 tur.
223 2485 362 2560 Amplius
394 2485 486 2546 etiam
518 2484 671 2560 quantitas
703 2504 771 2545 cum
803 2485 957 2561 dupletur,
989 2489 1127 2547 remanat

112 2573 278 2649 quantitas3
302 2575 429 2651 angulus
447 2593 518 2633 vero
536 2576 634 2635 rectus
645 2593 721 2634 cum
739 2575 890 2650 dupletur,
911 2593 971 2632 nou
988 2578 1127 2637 remanet

111 2663 253 2738 angulus:
277 2681 347 2739 ergo
371 2663 498 2740 angulus
518 2682 578 2722 non
597 2665 642 2724 eet
661 2663 824 2738 quantitas,
864 2663 1004 2722 Forsitan
1021 2666 1127 2724 tamen

110 2751 270 2812 Eucmnas
297 2751 364 2811 ideo
391 2751 532 2813 diffinivit
553 2751 652 2826 ipsum
673 2771 727 2828 per
749 2752 838 2827 illud,
862 2751 943 2827 quod
965 2752 1127 2813 manifeste

111 2839 262 2901 invenitur
285 2841 316 2901 in
340 2859 383 2915 eo,
406 2841 519 2901 scilicet
540 2841 725 2916 relationem,
749 2841 891 2916 quoniam
908 2841 1013 2915 procul
1031 2840 1125 2902 dubio

71 2943 97 2983 co
111 2929 240 3004 angulus
264 2931 309 2987 aet
325 2928 444 2989 'medius
468 2929 546 2989 iuter
568 2929 678 2991 lineam
701 2933 732 2990 et
754 2928 952 3005 superficiem,
975 2934 1125 3005 quantum

111 3016 149 3077 ad
168 3018 369 3092 quantitatem
386 3018 479 3077 velia
497 3018 706 3094 quantitatem.
742 3018 873 3094 Ideoque
886 3018 1089 3081 Apamenas
1096 3012 1123 3096 ¹)

110 3105 252 3166 diffinivit
289 3106 497 3169 universaliter
533 3108 678 3184 angulum
713 3107 843 3167 breviori
879 3106 1057 3178 diffinitione
1091 3112 1127 3168 et

183 3344 205 3392 1.
225 3338 293 3406 quia
312 3337 403 3392 simile
422 3338 484 3392 duc.
503 3370 538 3378 —
557 3343 599 3392 29.
620 3337 728 3393 relatio
749 3371 783 3378 —
802 3344 844 3394 31.
864 3339 1057 3408 Appollonius.

182 3562 208 3630 1)
226 3560 351 3614 Procaus
372 3565 431 3628 123,
452 3564 484 3615 15
495 3576 536 3626 aq.
556 3561 584 3613 et
604 3565 663 3630 124,
683 3565 716 3616 18
727 3577 767 3628 sq.
