2408 3848
111 150 177 214 304
399 148 565 208 ANARITII
583 146 838 202 COMMENTARH

110 318 280 394 superficies
312 320 453 377 contenta
480 335 498 374 a
526 315 642 375 duabus
669 316 755 374 lineis
783 316 815 373 in
842 316 981 391 potentia
1008 319 1135 376 tantum

110 407 307 465 rationalibus
334 402 408 485 <et>
436 405 736 479 communicantibus,
763 424 820 480 que
848 407 894 464 est
916 404 1009 464 surda
1034 405 1133 483 figure

111 499 214 554 octave
248 495 372 568 decime,
405 497 435 552 et
466 493 634 569 superficies
667 496 807 552 contenta
839 513 857 552 a
888 493 1006 553 duabus
1043 496 1132 554 lincis

110 584 287 642 medialibus
307 587 337 642 et
354 585 386 640 in
403 583 539 658 potentia
558 581 843 641 communicantibus
861 576 1133 662 (continentibus)

84 673 267 746 orationale,
286 692 343 747 que
363 675 408 730 θεῖ
426 666 560 750 (surda)
578 671 672 748 figure
691 671 828 730 vicesimo
847 671 950 746 tercie,
976 674 1007 730 et
1027 692 1132 748 super-

110 761 190 820 ficies
214 764 353 819 contenta
377 780 395 818 a
419 761 532 819 duabus
555 760 641 819 lincis
664 759 842 818 medialibus
864 760 897 817 in
919 762 1064 835 potentia
1088 764 1132 820 in-

112 849 399 911 communicantibus
413 850 633 908 continentibus
647 849 783 923 mediala,
798 868 854 924 que
872 852 917 908 θεῖ
930 849 1033 925 figura
1053 851 1133 910 vice-

111 939 187 998 sima
214 941 329 1014 quauta.
379 939 491 1016 Figura
517 938 611 1015 igitur
639 941 746 996 octava
772 937 887 996 decima
916 941 961 997 est
989 939 1133 999 medialis

110 1028 189 1086 inter
220 1028 293 1087 duas
326 1028 494 1103 superficies
524 1027 698 1100 rationales,
732 1029 762 1084 θῖ
790 1026 944 1085 vicesima·
957 1029 1059 1088 tercia
1088 1033 1134 1088 est

72 1130 97 1170 10
110 1116 267 1176 rationalis
294 1116 373 1174 inter
399 1117 472 1175 duas
495 1115 660 1188 mediales3.
677 1119 708 1173 et
729 1115 828 1193 figura
850 1115 993 1174 vicesima
1017 1121 1133 1192 quarta

113 1208 158 1265 θεῖ
179 1205 315 1264 medialis
338 1206 416 1264 inter
439 1206 513 1264 duas
536 1204 684 1263 mediales.

200 1295 338 1354 Nonum
361 1287 573 1370 decimuml)

201 1383 286 1442 Cum
327 1384 543 1458 superficies
583 1382 725 1457 equalis
762 1381 939 1458 quadrato
977 1377 1132 1462 (linea)

112 1473 278 1531 medialis
321 1472 363 1530 ad
399 1472 532 1530 lineam
567 1471 603 1528 in
639 1471 868 1548 longitudine
905 1471 1133 1533 rationalem

73 1573 98 1614 15
114 1561 339 1638 adiungitur,
367 1561 464 1619 latus
493 1559 683 1619 secundum
711 1562 764 1618 est
791 1561 973 1619 rationale
1004 1562 1041 1618 in
1069 1582 1132 1638 po·

111 1652 228 1710 tentia
255 1653 397 1708 tantum
425 1645 510 1726 <θῖ>
537 1649 843 1708 incommunicans
876 1649 970 1706 linee
1000 1651 1133 1728 prime,

113 1739 155 1798 ad
185 1758 289 1815 quam
317 1737 530 1813 adiungitur
558 1737 787 1812 superficies,
818 1739 854 1796 in
882 1738 1133 1814 longitudine.

202 1827 293 1886 Cuius
317 1827 484 1901 exemplum
507 1828 560 1900 est,
583 1829 617 1883 ut
640 1826 680 1884 sit
702 1825 783 1885 linea
803 1845 823 1885 a
840 1826 985 1900 medialis,
1011 1848 1072 1904 que
1093 1830 1134 1888 sit

112 1916 198 1973 radix
220 1914 329 1973 radicis
353 1914 517 1990 octoginta,
547 1917 577 1972 et
602 1913 681 1972 linea
705 1916 744 1988 by
767 1915 807 1973 sit
828 1914 984 1976 rationalis
1009 1916 1043 1973 in
1066 1917 1134 1978 lon·

73 2019 99 2057 no
114 2003 260 2080 gitudine,
290 2022 346 2077 quc
375 2004 414 2061 sit
441 2003 514 2078 dua,
542 2003 580 2062 ad
608 2023 698 2078 quam
726 2003 867 2062 adiuncta
894 2004 934 2062 sit
957 2006 1135 2078 superficies

112 2093 227 2167 equalis
256 2091 400 2166 quadrato
423 2092 501 2150 linea
524 2112 544 2150 a
566 2092 714 2167 medialis,
740 2112 796 2168 quo
820 2093 859 2151 sit
882 2091 1054 2167 superficies
1078 2099 1135 2172 φά,

113 2182 197 2239 cuius
224 2181 305 2239 latus
332 2181 493 2239 secundum
521 2184 566 2240 θεῖ
593 2183 647 2240 bd:
675 2181 740 2240 dico
769 2181 875 2258 igitur,
905 2182 985 2256 quod
1014 2184 1059 2242 bal
1088 2189 1136 2244 est

110 2269 267 2329 rationalis
290 2271 321 2326 in
344 2270 479 2346 potentia
497 2272 625 2345 tantum,
649 2273 679 2328 et
698 2273 743 2329 est
761 2270 1015 2329 incommunicans
1037 2273 1080 2345 by
1100 2275 1134 2332 in

111 2359 311 2435 longitudine,
344 2360 423 2434 quod
455 2360 498 2418 sic
528 2359 679 2435 probatur.
733 2357 809 2428 Quia
841 2359 920 2417 enim
952 2359 1134 2434 superficies

71 2448 226 2523 aequalis
250 2447 395 2523 quadrato
419 2467 451 2524 a,
475 2469 533 2524 que
552 2451 597 2506 cst
615 2447 784 2523 superficies
803 2449 855 2523 ala,
874 2448 935 2505 iam
954 2448 1137 2510 continetur

111 2557 129 2595 a
157 2537 271 2595 duabus
298 2537 384 2595 lineis
410 2555 458 2611 ae,
487 2539 524 2596 el
550 2535 748 2595 rationalibus
767 2539 807 2594 -θῖ
835 2537 1134 2599 communicantibus

110 2626 307 2701 inpotentia,
330 2645 386 2700 que
410 2629 481 2684 sunt
503 2625 560 2684 due
582 2626 673 2700 linee,
696 2644 731 2682 cx
755 2625 862 2700 quibus
886 2626 952 2700 ipsa
975 2630 1134 2704 provenit,

111 2734 168 2790 que
187 2718 256 2773 sunt
273 2714 358 2773 radix
376 2714 477 2773 decem
495 2718 525 2773 θῖ
542 2715 627 2774 radix
646 2716 720 2789 octo,
740 2717 770 2772 et
788 2732 819 2774 aa
838 2717 868 2772 et
888 2715 924 2772 ab
940 2715 1135 2789 inpotentia

108 2806 228 2861 tantum
250 2807 319 2862 sunt
341 2803 502 2862 rationales
521 2798 593 2881 <θῖ>
611 2803 874 2862 communicantes:
899 2821 968 2879 ergo
992 2805 1132 2878 quadra-

71 2905 96 2945 30
110 2895 176 2950 tum
203 2912 222 2951 a
249 2896 293 2952 est
320 2893 426 2968 equale
451 2892 611 2968 unicuique
635 2892 761 2950 duarum
784 2891 1006 2968 superficierum
1029 2895 1072 2952 ab
1096 2900 1133 2964 Ιθῖ

109 2982 160 3055 φά.
197 2981 277 3057 Ergo
300 2982 339 3040 ab
362 2983 453 3040 etiam
476 2984 521 3040 θεῖ
542 2980 657 3056 equalis
674 2982 726 3053 acl.
763 2981 901 3058 Angulus
922 2982 1024 3038 autem
1045 3001 1060 3040 e
1080 2990 1133 3046 θεῖ

111 3070 224 3145 equalis
248 3069 356 3146 angulo
380 3072 409 3129 b:
432 3071 529 3129 latera
551 3071 646 3147 igitur
664 3088 765 3128 earum
784 3072 855 3129 sunt
873 3070 1031 3144 alternata,
1053 3092 1133 3150 ergo

183 3241 208 3309 1)
237 3238 372 3291 Euonmns
395 3239 433 3307 X,
454 3245 486 3292 19
514 3237 667 3310 (Canauna
689 3238 726 3306 X,
747 3243 794 3306 203
822 3238 989 3292 Humanams
1008 3238 1049 3308 X,
1071 3247 1137 3312 22):

112 3309 180 3364 Oraia
202 3311 335 3365 arliaacta
356 3311 443 3376 faerit
466 3312 535 3365 liare
559 3311 590 3363 ia
613 3310 783 3380 laaaitarliae
809 3311 943 3364 rationali
969 3314 1136 3379 superficies

109 3382 214 3449 equalis
231 3382 366 3450 quadrata
384 3383 452 3436 liare
465 3382 599 3448 alodialis,
619 3382 691 3436 latas
704 3383 762 3435 aias
775 3381 923 3436 cecaiaam
937 3383 1136 3450 potentialiter

109 3457 217 3506 taratara
238 3453 290 3507 erit
307 3453 443 3508 rationale
462 3453 592 3522 laterique
610 3453 702 3522 priam
720 3453 752 3507 ia
771 3453 941 3523 laayitaaliae
963 3452 1136 3513 incommea-

110 3525 237 3578 curabile.
