2408 3848
388 160 437 215 An
456 160 641 216 EUCLIDEM
660 160 726 215 LIB.
741 161 787 216 ΠΙ.
1031 161 1089 224 131
1155 185 1159 192 ·

86 331 139 403 θεῖ,
168 328 250 405 quod
277 330 405 407 angulus
431 332 496 405 pdb
524 329 581 388 erit
609 329 717 406 duplus
741 329 845 406 anguli
865 331 939 403 pub.
986 328 1044 388 Sed
1068 332 1093 388 si

85 417 173 476 fuerit
190 418 300 494 positio
321 419 433 496 anguli,
457 420 509 495 qui
528 423 573 478 est
591 438 681 495 supra
700 418 963 494 oireonferentiam,
987 419 1092 478 similis

84 506 224 582 positioni
251 508 355 585 eugub
370 510 449 583 pet,
476 510 520 567 ita
543 508 623 584 quod
645 508 726 566 linea
746 510 790 582 φά
813 511 892 566 secet
913 508 1024 566 lineam
1048 510 1093 584 eb,

585 598 760 672 protraham
791 599 863 655 tuno
890 597 1001 655 lineam
1025 599 1091 658 eote.

583 687 624 744 Εῖ
646 686 717 762 quia
740 686 820 744 linea
845 688 883 745 ed
909 689 954 744 est
977 687 1092 762 equalis
1118 698 1131 737 ⁵

583 775 660 833 linee
689 776 743 848 db,
776 794 845 852 ergo
874 776 1001 852 angulus
1030 777 1091 834 bed

584 867 629 922 θεῖ
652 864 767 939 equalis
790 864 899 941 angulo
921 865 996 923 cibe:
1020 884 1090 941 ergo

584 953 709 1030 angulus
725 954 795 1028 ode,
815 953 867 1028 qui
887 957 932 1012 est
950 954 1091 1012 extrinse-

584 1060 635 1099 cus
656 1041 802 1118 trianguli
821 1043 895 1117 ebd,
920 1045 964 1100 est
983 1044 1091 1118 duplus

522 1126 524 1130 ⁸
585 1130 688 1207 anguli
711 1132 780 1188 deb.
821 1130 862 1188 Et
886 1132 990 1205 etiam,
1018 1133 1091 1207 quia
1106 1145 1131 1183 10

583 1218 663 1276 linea
683 1220 721 1277 ed
744 1222 790 1277 est
810 1220 924 1294 equalis
943 1221 1020 1278 linee
1040 1223 1091 1295 dp,

584 1326 653 1384 ergo
682 1307 809 1384 angulus
837 1310 901 1381 dep
927 1312 972 1366 est
1000 1328 1090 1384 equa-

583 1396 619 1454 lis
644 1396 754 1472 angulo
775 1397 848 1470 eyd:
873 1416 942 1472 ergo
962 1399 1090 1474 angulus

582 1485 645 1558 adp
678 1486 723 1542 est
753 1485 861 1560 duplus
890 1486 993 1561 anguli
1021 1488 1090 1560 dep.

584 1574 642 1633 Sed
671 1574 797 1650 angulus
824 1575 900 1647 ecit,
932 1578 966 1631 ut
994 1577 1130 1632 osten-15

82 1679 145 1720 sum
173 1665 231 1736 est,
259 1664 303 1720 est
331 1662 437 1737 duplus
466 1661 569 1739 anguli
596 1666 665 1737 ber,
693 1681 759 1720 oum
783 1681 851 1738 ergo
875 1663 1090 1722 removebimus

82 1771 161 1826 eum,
183 1750 347 1809 remanebit
371 1751 496 1828 angulus
522 1753 585 1826 bdp
609 1752 717 1827 duplus
741 1751 844 1829 anguli
867 1753 938 1826 bey,
963 1754 992 1810 θῖ
1014 1752 1091 1809 illud

81 1844 133 1916 est,
157 1840 236 1916 quod
259 1839 459 1899 demonstrare
483 1841 639 1900 voluimus.

145 1929 230 1987 Dixit
256 1932 391 2004 preterea
418 1929 550 1989 Yurnus:
582 1929 767 2006 Heo'figura
795 1933 840 1988 est
868 1929 1018 1988 declarata
1047 1947 1089 1988 se·

79 2018 207 2078 eundum
230 2036 347 2076 omnem
369 2017 556 2093 positionem,
579 2022 610 2076 et
633 2018 792 2077 seeundum
811 2038 928 2077 omnem
947 2018 1088 2078 eonstitu·
1104 2032 1129 2071 20

77 2107 191 2166 tionem
217 2106 356 2182 probata,
387 2109 489 2164 tamen
518 2107 602 2166 nobis
631 2111 676 2166 θεῖ
702 2108 852 2183 relietum,
883 2111 917 2166 ut
944 2127 1089 2183 ponamus

77 2196 324 2272 propositionem,
351 2215 405 2270 per
432 2214 522 2270 quam
544 2196 702 2271 probemus
726 2215 792 2255 eam
814 2196 988 2272 probatione
1012 2216 1089 2255 oom-

75 2285 169 2359 muni,
193 2285 342 2360 quoniam,
363 2285 389 2343 si
407 2303 467 2343 non
484 2285 575 2343 fuerit
593 2285 728 2360 probata,
747 2285 907 2343 seeundum
927 2285 1006 2361 quod
1025 2304 1090 2344 eam

75 2373 277 2451 probabimus,
295 2393 355 2431 non
374 2373 431 2432 erit
449 2373 532 2433 nobis
551 2374 701 2450 possibile,
724 2377 759 2432 ut
779 2373 936 2449 probemus
954 2373 1089 2451 figuram,

76 2483 134 2539 que
163 2465 208 2522 est
234 2466 303 2539 post
330 2481 408 2538 eam,
436 2463 596 2522 seeundum
619 2463 672 2521 oeh
696 2454 731 2543 (ἔ)
755 2462 941 2538 positionem,
964 2463 1023 2522 nisi
1046 2482 1088 2522 se·
1103 2475 1128 2514 2⁵

75 2552 206 2611 eundum
228 2553 283 2610 hoe
306 2553 417 2626 tamen,
441 2552 519 2627 quod
541 2552 642 2628 posuit
665 2552 833 2611 Euomnns
875 2551 934 2610 Sed
951 2551 1027 2609 illud
1046 2555 1090 2612 θεῖ

74 2640 230 2718 possibile,
262 2641 403 2715 quoniam
433 2641 597 2700 necessario
631 2640 782 2716 convenit,
815 2641 894 2716 quod
925 2641 1089 2716 propositio

73 2730 128 2789 fiat
147 2730 318 2804 eommunis,
338 2732 367 2788 et
385 2730 464 2804 quod
481 2730 623 2805 probetur
641 2730 800 2790 seeundum
814 2749 998 2789 communem
1011 2729 1089 2805 posi-

74 2819 202 2892 tionem,
235 2822 264 2876 et
290 2817 425 2893 patiatur
451 2822 657 2894 protervorum
685 2819 961 2892 contradictionem,
994 2839 1030 2877 ne
1057 2818 1089 2876 in

75 2906 239 2984 geometria
258 2906 297 2965 sit
315 2906 429 2982 aliquid
447 2927 506 2966 non
520 2908 687 2982 probatum.
725 2907 799 2966 Oum
818 2929 887 2986 ergo
903 2908 1087 2984 posuerimus
1102 2920 1128 2959 3⁰

73 2997 151 3055 hano
183 2995 429 3071 propositionem,
467 2999 497 3054 et
529 2996 826 3055 demonstraverimus
858 2997 996 3074 figuram,
1032 2997 1089 3055 erit

74 3089 181 3160 totum,
205 3084 284 3160 quod
305 3087 350 3143 est
368 3085 399 3141 in
418 3084 522 3161 figura,
539 3085 731 3144 manifestum
751 3088 780 3143 et
799 3086 920 3160 olorum,
945 3089 974 3143 et
992 3105 1088 3160 neque

75 3174 240 3234 remanebit
267 3174 402 3250 protinus
429 3174 511 3232 loeus
539 3174 760 3233 contradicendi
786 3173 818 3231 in
847 3193 894 3248 ea,
922 3174 1035 3234 scilieet
1056 3174 1088 3230 in

74 3264 185 3342 figura,
211 3283 267 3340 que
291 3266 336 3323 θεῖ
358 3265 428 3339 post
450 3263 536 3337 hano,
560 3283 618 3338 que
642 3267 687 3322 est
709 3263 831 3340 figura
852 3266 914 3324 20⁸.
962 3261 1088 3339 Oportet

142 3396 284 3404 -n--u

74 3542 92 3597 b
133 3475 190 3551 ⁸22.
209 3485 260 3538 per
278 3469 374 3539 quam]
395 3468 485 3523 dem'fi.
506 3501 539 3508 -
560 3473 673 3523 23-24.
695 3468 848 3522 seeundum
867 3467 934 3536 quia
949 3484 1010 3522 eam
1024 3483 1086 3536 pro-

95 3557 211 3596 avrmus.

904 3628 945 3680 ᾖ*
