2408 3848
224 179 274 233 AD
293 178 478 235 EUGLIDEM
496 179 563 233 LIB.
578 178 624 233 IV.
867 179 930 242 141

48 348 120 406 eficit
147 349 291 426 angulum
314 351 372 422 tay
399 348 536 424 equalem
559 348 670 424 angulo
693 348 766 425 dec,
794 347 933 406 ceciderit

50 456 136 496 neam
160 438 201 495 eb
224 456 242 494 a
265 439 360 512 parte,
384 455 443 512 qua
466 437 600 512 sequitur
622 436 702 494 linea
720 437 774 511 eh,
803 436 879 495 sicut
900 437 933 494 in

49 529 164 602 pparet,
184 525 241 584 erit
255 526 423 584 coniunctio
442 526 568 584 duorum
587 527 765 602 angulorum
783 526 857 600 eac,
876 530 933 599 teu

48 615 148 675 luobus
171 614 259 674 rectis
279 614 406 692 angulis,
430 615 486 673 erit
505 633 574 691 ergo
593 618 666 674 tunc
684 614 819 672 doctrina
836 615 933 690 magis

48 705 121 779 bilis,
145 704 224 779 quod
247 703 313 761 ideo
338 703 403 778 erit,
426 704 568 779 quoniam
591 703 648 761 duo
668 703 771 780 anguli
789 703 934 780 trianguli
960 717 972 755 5

48 796 84 851 nt
101 793 228 850 maiores
248 792 361 851 duobus
379 792 468 850 rectis
487 791 617 868 angulis3
642 795 672 850 et
688 792 764 850 illud
782 795 836 866 est,
854 792 934 869 quod

48 887 121 940 trare
140 881 297 939 voluimus.

48 971 94 1029 iod
125 973 225 1028 autem
254 970 373 1029 Yamus
400 963 528 1048 <affe1t>
565 987 600 1026 ex
635 969 871 1044 oppositionibus
902 970 934 1026 in

67 1051 227 1134 tercia‚1)
254 1061 298 1117 est
320 1078 367 1118 res
391 1058 508 1132 debilis3
531 1057 629 1132 ipsam
650 1061 752 1115 tamen
775 1057 879 1116 dicam.

65 1149 131 1223 quis
155 1147 276 1207 dixerit:
301 1146 375 1206 Cum
392 1150 565 1222 protraxere
590 1145 680 1203 etiam
702 1146 796 1205 lineas
820 1148 871 1222 eh,
893 1147 934 1205 tle
948 1161 974 1200 lc

48 1237 73 1294 ‚d
91 1237 149 1294 duc
168 1240 278 1311 puncta
297 1255 312 1294 s
336 1239 365 1294 et
383 1255 409 1311 q,
428 1239 458 1294 ct
475 1237 580 1310 postea
598 1235 695 1292 fecero
714 1236 858 1311 angulum
872 1236 935 1309 chy

652 1323 787 1397 equalem
823 1323 934 1400 angulo

100 1413 124 1447 ’ὂ
649 1412 719 1485 dele,
737 1405 838 1488 <n0n>
850 1412 935 1470 cadet

650 1503 721 1557 tunc
768 1499 848 1557 linea
892 1501 935 1574 hp

650 1588 729 1646 inter
747 1588 805 1645 duc
823 1591 935 1663 puncta
949 1601 975 1640 15

651 1695 669 1751 q
696 1680 726 1735 et
753 1695 776 1736 c.
809 1667 935 1734 ¹Dicam

651 1766 757 1844 igitur,
794 1765 935 1843 quoniam

650 1856 779 1914 linceus
792 1858 837 1914 est
845 1858 936 1925 recta,

651 1964 718 2003 eum
753 1945 793 2003 sit
825 1945 935 2003 diame-

650 2035 715 2092 trus
733 2033 846 2109 circuli,
865 2045 976 2111 ergc'20

652 2123 709 2180 duo
741 2123 845 2200 anguli
872 2125 937 2197 etp

653 2214 682 2268 et
689 2212 752 2284 ples
765 2215 836 2270 sunt
847 2231 936 2287 equa-

652 2300 696 2357 les
711 2299 825 2359 ducbus
839 2301 936 2360 rectis

654 2387 712 2446 sed
728 2390 856 2466 angulus
873 2391 938 2463 cap

654 2479 700 2535 est
727 2477 840 2552 equalis
864 2479 936 2537 duc·
952 2489 977 2530 25

654 2566 710 2624 bus
734 2567 851 2643 angulis
875 2569 937 2642 det,

654 2655 727 2730 cele,
751 2658 781 2712 et
804 2655 861 2713 duc
885 2675 938 2714 an-

654 2743 719 2821 guli
741 2745 797 2802 eet
823 2747 853 2802 et
875 2747 938 2804 dea

685 2834 754 2891 sunt
780 2833 908 2892 maiores

81 2918 182 2976 rectis:
224 2937 292 2994 ergo
334 2920 461 2995 angulus
498 2922 568 2995 clep
608 2924 653 2981 est
693 2921 788 2979 maior
824 2922 978 2981 duobusne

78 3007 135 3064 Sed
164 3008 227 3082 ipse
259 3010 303 3065 cst
332 3007 428 3066 minor
457 3009 662 3069 coniunctione
693 3011 817 3068 ducrum
845 3030 937 3089 angu-

48 3139 289 3210 prcpositionibus.
314 3172 347 3179 -
373 3146 413 3194 12.
433 3141 577 3209 equaliter.
603 3177 636 3184 -
662 3149 773 3198 15-16.
798 3148 939 3215 punctaq

48 3216 123 3265 meta
142 3228 234 3279 quam.
253 3243 288 3250 —
308 3217 350 3265 31.
369 3213 471 3283 minor]
489 3214 586 3270 maior.
859 3228 864 3236 ’

48 3337 184 3391 Encnmns
209 3335 256 3403 lV,
276 3341 304 3390 3:
339 3336 419 3391 Circa
446 3337 614 3408 assignatam
641 3342 773 3396 circulum
800 3343 939 3413 msipaatc

48 3410 67 3462 so
90 3407 262 3477 triangulam
284 3408 478 3478 equiaapclum
500 3409 652 3468 describere.
690 3411 767 3477 Quae
791 3414 939 3468 Aunmrms

50 3479 133 3532 litate
153 3478 312 3546 argumenti
331 3479 548 3534 contradicentis
567 3482 644 3552 dicit,
664 3483 802 3538 etiamad
817 3485 938 3539 additio·

48 3596 49 3600 ,
68 3550 114 3616 IV,
135 3557 150 3602 2
169 3548 320 3618 pertinent.
