2408 3848
106 172 149 236 52
394 170 559 225 ANARITII
578 169 835 224 COMMENTARH

109 339 186 408 Quia
214 359 283 416 ergo
306 339 476 416 triangulus
500 340 567 413 apd
591 342 636 397 est
659 338 812 414 equalium
835 338 962 397 duorum
984 337 1126 412 laterum,

108 427 247 486 videlieet
263 419 266 508 l
284 447 326 503 ap
344 429 488 487 existente
507 428 606 503 equali
622 428 711 486 lateri
725 429 778 495 od,
798 430 885 485 erunt
898 447 934 485 ex
947 424 1127 501 probatione
1147 430 1179 478 16

109 517 212 594 quinte
227 517 321 594 figure
336 517 394 576 duo
409 515 521 592 anguli,
541 515 594 593 qui
608 519 678 575 sunt
691 516 746 575 sub
759 515 834 592 basi,
854 516 982 592 equales.
1019 514 1126 591 Angu-

107 607 154 665 lus
172 606 265 683 igitur
284 607 346 678 edo
364 608 409 664 est
428 605 541 681 equalis
561 606 669 682 angulo
689 603 779 680 (apd.
818 597 1043 682 Sed-angulus>
1064 605 1128 677 edo

83 698 154 754 sest
167 694 262 752 maior
283 695 392 771 angulo
408 696 488 767 pao,
508 713 577 771 ergo
596 694 723 772 angulus
740 696 802 769 apd
819 689 887 771 <est
899 692 996 751 maior
1013 693 1126 770 angulo

109 785 181 861 bdq.
219 783 278 842 Sed
292 783 417 860 angulus
437 785 502 858 byd
520 786 565 842 est
578 783 673 842 maior
687 783 796 861 angulo
814 785 886 858 eqd,
905 801 975 859 ergo
995 781 1127 859 angulus

110 867 195 948 oya>
212 874 257 930 est
270 873 366 930 multo
380 872 476 930 maior
490 872 599 950 angulo
614 873 686 947 ddp.
704 873 746 930 Et
757 872 857 947 etiam,
871 871 943 946 quia
956 870 1127 947 triangulus

110 962 175 1035 bdy
189 963 234 1019 est
248 961 374 1019 duorum
393 960 543 1036 equalium
556 961 693 1036 laterum,
713 979 783 1038 ergo
798 961 960 1019 seeundum
972 959 1127 1035 probatio·

110 1069 177 1107 nem
195 1048 289 1125 figure
309 1049 413 1125 quinte
432 1050 489 1107 duo
514 1052 584 1108 sunt
605 1049 716 1127 anguli,
740 1048 794 1125 qui
816 1051 885 1108 sunt
907 1067 997 1124 supra
1019 1047 1127 1123 basim,

70 1153 96 1192 ro
110 1138 238 1214 equales.
266 1139 346 1215 Ergo
366 1139 492 1215 angulus
508 1139 572 1213 byd
590 1141 635 1197 est
649 1138 764 1214 equalis
779 1140 850 1213 ddy.
880 1137 938 1196 Sed
951 1137 1013 1195 iam
1027 1139 1128 1195 osten-

110 1227 220 1301 dimus,
244 1227 324 1302 quod
343 1227 469 1304 angulus
489 1228 553 1302 bod
574 1231 619 1286 est
636 1227 733 1285 multo
751 1227 848 1286 maior
866 1227 976 1304 angulo
997 1227 1071 1302 ddp,
1096 1230 1128 1285 et

109 1316 157 1373 hio
190 1318 235 1373 est
267 1315 293 1372 ei
321 1316 450 1392 equalis,
484 1316 563 1392 quod
591 1319 636 1375 est
663 1315 846 1375 eontrarium
875 1318 906 1374 et
931 1313 1127 1390 impossibile.

109 1403 301 1462 Manifestum
323 1405 426 1480 itaque
450 1408 496 1464 est
519 1425 554 1463 ex
575 1405 644 1480 hoe,
668 1405 747 1480 quod
769 1405 817 1462 hio
839 1404 995 1480 probatur,
1023 1423 1128 1478 quem-

109 1493 267 1551 admodum
285 1494 442 1568 proveniat
461 1513 496 1552 ex
515 1513 558 1570 eo,
581 1494 662 1568 quod
682 1493 714 1551 in
732 1493 839 1569 quinta
856 1493 953 1570 figura
970 1491 1128 1568 probatur,

70 1581 189 1658 nequod
213 1582 270 1640 duo
295 1583 406 1659 anguli,
431 1583 483 1658 qui
502 1585 571 1640 sunt
589 1582 644 1640 sub
667 1581 740 1656 basi,
764 1583 884 1658 equales
908 1581 1046 1640 existunt.
1054 1573 1079 1661 ¹)

197 1670 369 1729 Additum
414 1674 542 1729 octavo
589 1662 838 1752 theoremati²)
879 1671 1035 1729 relatum
1082 1670 1129 1728 ad

109 1759 360 1835 probationem
384 1759 577 1817 seeundum
598 1759 738 1818 modum
761 1759 1047 1819 contrarietatis.

201 2969 288 3029 Basis
316 2969 461 3046 trianguli
485 2971 561 3043 obp,
590 2988 648 3043 que
672 2971 717 3026 est
740 2970 792 3041 by,
821 2967 1038 3042 superponatur
1061 2965 1131 3024 basi

115 3077 156 3128 er,
181 3079 238 3134 que
262 3062 307 3117 est
329 3058 474 3135 trianguli
496 3060 564 3126 der,
588 3061 618 3115 et
641 3057 749 3116 cadant
771 3055 848 3113 linee
868 3056 913 3128 aa,
935 3057 982 3122 ta,
1007 3057 1037 3112 et
1059 3073 1129 3113 oon·

185 3199 209 3247 3.
229 3191 347 3262 Angulo.

187 3319 212 3386 1)
230 3317 355 3370 Procius
369 3321 430 3382 263,
444 3322 511 3383 4sq.
531 3347 565 3356 -
584 3319 609 3386 2)
628 3315 764 3369 Encnmns
778 3315 798 3383 I,
814 3321 842 3370 8:
864 3313 991 3369 Omnium
1009 3315 1130 3369 duorum

115 3388 324 3458 triaoqulorwm,
343 3404 457 3457 quorum
475 3388 529 3441 duo
548 3389 634 3442 latera
653 3389 739 3441 weiss
752 3388 857 3442 duobus
871 3388 1000 3441 lateribus
1013 3387 1131 3444 ultoriae

114 3460 219 3526 fuerint
232 3460 350 3529 equatio,
368 3460 491 3528 basisque
504 3461 588 3514 enias
602 3460 662 3514 basi
675 3460 788 3514 alterius
801 3459 913 3529 equalis,
928 3460 996 3513 duos
1011 3462 1131 3530 amputes

80 3594 103 3615 h
115 3532 190 3601 eqwis
209 3531 339 3587 lateribus
357 3537 493 3586 emteatos
510 3531 616 3600 equales
633 3546 687 3586 esse
705 3546 807 3585 necare
825 3537 869 3585 est.
