2408 3848
110 155 176 218 284
397 155 562 209 ANARI'PII
580 153 837 210 COMMENTARII

197 323 423 382 Antecedens
461 323 663 400 figurarum
694 322 863 382 vicesima
895 316 1062 405 quinte1)
1097 331 1135 386 et

110 411 280 471 vicesimo
304 404 433 489 sexte2)
457 416 492 471 et
514 412 682 472 vicesimo
705 403 897 493 septimani)

199 501 313 559 Ponam
342 501 466 576 lineam,
498 520 588 577 supra
617 520 706 577 quam
734 503 774 560 sit
800 504 855 575 ab,
886 501 934 559 cui
962 504 1132 563 secundum

112 590 321 649 rectitudinem
344 590 506 667 adiungam
527 591 638 648 lineam
661 592 709 664 bp,
733 594 763 650 et
786 589 951 650 describam
969 610 1068 668 supra
1088 596 1131 653 ab

84 679 326 738 usemicirculum
354 680 434 754 colb,
461 681 490 737 ot
513 679 644 739 dividam
668 681 707 754 by
729 681 761 738 in
784 679 841 738 duo
864 678 963 738 media
985 699 1083 757 supra
1108 702 1132 759 e,

111 771 141 828 ct
171 768 225 827 fiac
257 769 298 826 ab
330 787 482 843 numerus,
514 788 602 845 quem
629 769 823 844 volucrimus,
855 769 952 844 sitque
980 789 1131 830 numerus

111 861 253 932 quatuor,
285 858 316 914 et
343 857 382 930 by
409 857 449 916 sit
475 859 559 916 radix
584 861 663 916 octo:
698 877 768 934 ergo
796 857 853 916 erit
879 857 1067 933 quadratum
1092 863 1131 920 be

111 944 183 1019 duo,
215 945 356 1020 quoniam
388 949 433 1005 est
466 947 646 1022 quadratum
678 947 848 1005 medietatis
880 949 927 1020 bp.
979 947 1129 1008 Dividam

111 1036 211 1092 autem
238 1033 348 1091 lineam
371 1037 412 1094 ab
435 1036 466 1092 in
489 1036 563 1095 duas
586 1040 686 1111 partes
710 1036 764 1111 sic,
791 1039 825 1095 ut
848 1036 887 1096 sit
908 1037 1132 1112 multiplicatio

71 1141 97 1179 ιο
110 1123 200 1181 unius
228 1141 329 1180 earum
355 1123 387 1182 in
410 1125 536 1182 alteram
559 1125 672 1200 equalis
696 1125 840 1200 quadrato
864 1126 940 1183 lineo
965 1127 1017 1200 be,
1047 1129 1131 1203 quod

112 1840 158 1896 est
189 1837 261 1911 duo,
294 1836 373 1911 quod
405 1839 450 1894 est
481 1837 589 1909 quarta
616 1834 757 1909 quadrati
785 1836 832 1909 lp.
882 1835 1026 1894 Dividam
1057 1857 1132 1916 ergo

111 1925 208 2000 ipsam
231 1942 368 2000 suprar.
410 1923 478 1982 Erit
499 1918 613 2000 (ergo)
636 1923 795 1982 secundum
819 1924 898 1999 quod
920 1927 1071 2000 precessit
1094 1948 1132 1986 ex

112 2013 300 2072 arithmetica
340 2012 372 2069 in
408 2012 554 2088 principio
591 2013 698 2070 harum
734 2013 974 2072 antecedentium
978 2005 1022 2094 4),
1067 2036 1133 2076 una

112 2103 240 2160 duarum
263 2101 428 2160 sectionum
450 2101 584 2160 binarius
608 2105 637 2160 et
659 2102 744 2160 radix
766 2101 884 2176 binarii,
907 2105 937 2160 et
960 2102 1060 2162 altera
1084 2105 1132 2164 bi·

72 2207 98 2248 15
111 2191 212 2250 narius
245 2193 367 2266 excepta
398 2190 496 2248 radice
527 2190 650 2266 binarii,
684 2191 825 2266 quoniam
856 2191 1133 2266 multiplicabimus

111 2280 301 2338 medietatem
325 2282 453 2355 quatuor
469 2280 501 2337 in
520 2298 559 2354 se,
583 2283 613 2337 et
630 2279 805 2356 provenient
823 2283 963 2354 quatuor3
986 2281 1132 2341 minuam

184 2474 224 2522 11.
244 2467 376 2536 quadrati
390 2469 434 2523 bb.
449 2499 483 2508 -
502 2473 543 2522 13.
564 2467 744 2522 arismetrioa.

184 2667 210 2734 1)
237 2663 373 2717 Eucnmns
396 2663 434 2732 X,
453 2669 487 2717 25
515 2663 668 2732 (cuminus
688 2661 726 2730 X,
746 2669 793 2729 273
820 2662 987 2716 Hammonis
1006 2661 1046 2730 X,
1068 2670 1131 2736 33)=

111 2734 194 2789 Duae
217 2736 304 2790 lineas
322 2736 508 2805 potentialiter
529 2735 811 2790 incommensurabiles
833 2735 1055 2803 superficiemque
1074 2755 1131 2793 me-

111 2807 211 2860 diatem
228 2808 405 2873 conlucentes,
427 2823 545 2875 qnorum
567 2807 704 2875 quatrata
722 2805 801 2859 ambo
815 2806 922 2874 pariter
939 2812 1051 2873 accepta
1070 2811 1132 2864 sint

110 2878 254 2943 rationale,
271 2878 401 2932 invenire.

182 2949 209 3018 2)
237 2948 372 3001 Eucnmne
395 2947 434 3017 X,
453 2953 487 3001 26
515 2947 668 3018 (Omanae
689 2947 727 3014 Χ,
746 2951 794 3014 283
821 2947 988 3000 Hennam
1007 2946 1045 3014 Χ,
1067 2954 1129 3019 34);

111 3019 194 3074 Duae
212 3020 299 3074 lineas
312 3020 500 3088 potentialiter
512 3019 795 3074 incommensurabiles
807 3019 1024 3090 superficiemque
1037 3023 1130 3075 ratio-

110 3091 200 3145 nalem
218 3092 395 3158 continentes,
418 3107 535 3161 quarum
557 3091 635 3145 ambo
657 3091 800 3161 quadrata}
814 3091 921 3160 pariter
938 3095 1049 3158 accepta
1068 3094 1130 3147 unt

110 3162 232 3228 maiole,
249 3162 379 3216 inuenire.

182 3235 209 3302 3)
236 3232 372 3286 Eucnmns
395 3231 432 3300 X,
452 3239 485 3286 27
514 3231 666 3302 (Omanae
687 3231 724 3301 Χ,
745 3237 791 3299 293
819 3231 986 3285 Hnmnncme
1005 3230 1043 3298 X,
1065 3236 1128 3303 35):

110 3304 193 3358 Duce
219 3305 306 3358 lineas
323 3305 511 3372 potentialiter
527 3303 810 3358 umomnunsmabiles
832 3304 1049 3372 simufimemque
1072 3322 1128 3360 me-

111 3376 210 3430 dialem
228 3376 405 3442 ccutimntes,
428 3392 545 3444 quarum
563 3376 641 3429 umbo
661 3376 801 3444 quadrata
814 3375 922 3444 pariter
940 3379 1049 3442 accepta
1068 3378 1130 3431 sint

110 3447 232 3514 mediale,
250 3447 401 3515 superficiei
418 3448 504 3500 unius
521 3447 553 3499 in
566 3446 680 3500 alteram
695 3446 972 3513 incommensurabile,
990 3446 1128 3502 invenire.

181 3538 209 3603 4)
228 3534 350 3603 Equatio
368 3535 494 3588 Ausmrn
517 3538 560 3588 est
578 3534 654 3604 a2-l-
666 3541 681 3588 2
692 3561 725 3580 =
735 3541 785 3602 lta,
804 3549 891 3602 quare
909 3551 930 3589 a
944 3560 976 3579 =
992 3539 1007 3586 2
1023 3533 1057 3603 ᾗ
1068 3525 1129 3608 ΥΞ.
