2408 3848
77 698 259 770 INCIPIT
289 698 535 770 EXPOSITIO
565 698 716 771 SEXTE
745 698 917 772 PARTIS
946 698 1170 774 EUOLIDIS

338 822 597 895 SECUNDUM
624 822 911 894 ANARITIUM.

205 1003 288 1060 Dixit
323 1004 495 1061 Eucmnus:
532 1003 706 1076 Supernates
741 1005 849 1062 similes
884 1007 966 1072 snat,
1003 1022 1134 1078 quaram

116 1092 218 1164 anpnli
245 1096 313 1150 snat
340 1094 467 1165 aquator,
497 1096 523 1150 et
549 1094 642 1150 latera
670 1095 845 1151 continentia
868 1094 991 1166 ananias
1015 1095 1134 1167 equales

32 1202 35 1207 Δ
88 1185 186 1239 asana
203 1183 445 1254 proportionalia.

204 1271 250 1327 En
281 1271 349 1344 hoc,
382 1270 462 1344 quod
493 1269 540 1328 hic
573 1269 714 1345 apposuit
742 1268 1005 1345 „superficies“
1033 1271 1134 1331 voluit

115 1358 244 1436 intelligi
267 1359 430 1436 figurarum
453 1359 541 1417 rectis
564 1358 650 1416 lineis
669 1361 831 1417 contentas.
872 1359 930 1417 Hic
947 1362 1050 1418 tamen
1069 1361 1134 1419 duo

115 1466 174 1505 non
202 1451 272 1506 sunt
296 1448 456 1523 principia,
483 1447 625 1523 quoniam
647 1448 783 1525 indigent
805 1447 994 1524 probatione,
1017 1449 1135 1508 scilicet

116 1537 196 1612 quod
229 1537 362 1596 omnium
394 1538 521 1594 duarum
549 1536 772 1612 superficierum
798 1536 1032 1613 rectilinearum,
1065 1557 1135 1596 cum

71 1640 100 1678 ro
115 1627 228 1684 fuermt
251 1626 355 1702 anguli
378 1626 507 1700 equales,
530 1629 602 1684 tunc
625 1626 721 1684 latera
745 1626 872 1702 angulos
896 1627 1018 1701 equales
1037 1627 1133 1686 conti·

114 1715 217 1772 nentia
245 1718 314 1772 sunt
340 1714 586 1789 proportionalia.
632 1714 792 1774 Eucnmns
819 1733 939 1790 quoque
963 1734 1054 1792 super
1076 1717 1134 1776 hoc

114 1803 233 1860 induxit
267 1802 473 1877 probationem
509 1804 661 1878 probando
697 1803 826 1881 figuram
862 1807 1003 1879 quartam
1039 1805 1133 1865 huius

114 1892 221 1965 partis,
254 1894 284 1948 et
315 1891 453 1965 probavit
484 1892 515 1948 in
544 1893 672 1951 secunda
699 1893 874 1968 probatione
902 1893 996 1970 figure
1025 1894 1133 1970 quinte

114 1979 203 2037 huius
230 1979 338 2054 partic,
366 1981 447 2055 quod
474 1982 607 2040 omnium
634 1983 761 2040 duarum
788 1981 1014 2056 superficierum
1040 1985 1130 2043 recti·

72 2083 99 2123 15
114 2068 270 2143 linearum,
293 2088 420 2143 quarum
442 2071 538 2128 latera
559 2072 692 2146 ipsarum
711 2071 836 2148 angulos
856 2071 1041 2130 continentia
1060 2077 1132 2133 sunt

113 2158 357 2234 proportionalia,
381 2160 485 2236 anguli
509 2163 579 2218 sunt
602 2161 732 2235 equalea
776 2159 845 2235 Ipse
867 2163 969 2218 tamen
991 2161 1047 2219 hec
1070 2163 1132 2222 duo

114 2247 256 2321 premisit,
279 2252 314 2306 ut
335 2269 388 2323 per
411 2269 446 2306 ea
469 2249 596 2306 diffiniet
619 2248 788 2324 superficies
811 2249 931 2325 similes,
958 2252 989 2308 et
1011 2255 1133 2326 separet

114 2335 150 2392 ab
173 2337 228 2395 hac
251 2337 428 2396 diffinitione
451 2338 632 2413 superficies,
657 2358 716 2414 quc
739 2357 799 2396 non
822 2341 891 2396 sunt
914 2338 1036 2399 similes.

200 2425 374 2500 Supernates
411 2429 503 2486 latera
536 2429 671 2486 babentes
704 2428 849 2487 alternata
880 2432 962 2497 snat,
1001 2446 1133 2502 qnorum

72 2530 100 2568 eo
114 2514 206 2573 latera
240 2518 475 2589 proportionalia
515 2518 673 2575 secanam
713 2519 935 2576 antecessionem
972 2521 999 2576 et
1036 2537 1134 2578 consc-

115 2606 270 2675 quantiam.
279 2597 303 2680 ¹)

202 2693 237 2750 In
269 2693 336 2751 aliis
368 2697 469 2752 tamen
496 2694 650 2770 scripturis
677 2694 836 2770 reperitur,
870 2694 952 2770 quod
980 2695 1132 2756 alternate

113 2783 191 2857 sunt,
209 2777 377 2860 (quarum)
395 2783 427 2840 in
445 2802 623 2858 unaquaque
638 2786 683 2841 est
697 2783 873 2842 antecedens
891 2786 921 2842 et
936 2802 1132 2862 consequens.

187 2976 228 3023 20.
248 2969 457 3037 consequentia.

185 3149 211 3217 1)
230 3146 311 3211 Quod
329 3147 496 3200 Humanarue
515 3147 545 3199 in
564 3164 616 3201 sua
629 3147 759 3202 Eucnmro
778 3147 904 3202 editione
918 3147 975 3204 vol.
990 3148 1026 3219 II,
1045 3167 1073 3219 p.
1089 3154 1132 3219 78,

112 3221 181 3271 uota
197 3224 210 3270 1
231 3217 309 3285 dicit,
329 3218 402 3271 hanc
421 3217 613 3273 definitionem
631 3218 752 3273 fortasse
772 3236 806 3273 ex
820 3219 934 3274 Hnaouu
953 3219 1134 3291 desumptam

112 3305 183 3358 esse,
198 3287 434 3343 verisimillimum
444 3288 563 3359 videtur,
578 3307 641 3343 cum
656 3293 685 3344 ct
694 3289 741 3343 hic
756 3290 791 3345 de
804 3289 1001 3346 additionibus
1012 3291 1132 3346 Erucius

111 3361 214 3485 apipur.
261 3361 293 3413 In
321 3360 529 3415 commentariis
558 3364 653 3415 autem
681 3361 764 3415 huius
791 3361 858 3416 libri
886 3362 941 3416 hac
966 3362 1132 3418 definitione

111 3450 133 3486 u
148 3451 157 3484 1
172 3451 212 3487 ur.
849 3450 852 3457 ·
