2408 3848
111 153 152 216 72
398 153 562 207 ANARITII
581 150 837 207 COMMENTARII

108 321 219 380 lineam
242 340 297 379 mu
320 320 358 378 ad
380 324 523 396 punctum
546 340 571 395 q.
614 320 689 379 Sunt
713 340 782 397 ergo
804 320 862 379 duo
881 320 977 378 latera
996 319 1121 380 duorum

108 410 329 487 triangulorum
365 428 453 485 amo,
484 429 548 483 usq
580 410 712 486 aqualia,
747 410 860 468 seilicet
891 410 971 468 latus
1003 427 1046 469 aa
1077 412 1121 469 est

110 499 215 574 equale
238 499 327 556 lateri
350 517 399 573 os,
422 503 452 556 et
475 500 602 575 angulus
624 518 700 559 anm
723 502 767 557 est
786 498 900 574 equalis
920 498 1031 575 angulo
1051 516 1120 573 qus,

111 589 190 663 quod
218 588 351 662 sequitur
378 608 413 645 ex
440 588 615 663 probatione
643 588 736 664 figure
764 590 826 646 15⁰.
875 587 933 645 sec
961 587 1121 646 secundum

83 677 317 753 oprobationem
348 677 441 753 figure
476 677 572 752 posite
605 677 764 736 secundum
796 676 972 752 petitionem
1001 675 1121 736 Aemus

110 767 167 824 erit
189 767 317 842 angulus
340 785 414 825 mro
438 767 551 842 equalis
574 767 683 843 angulo
706 784 783 841 usq,
808 765 949 841 quoniam
971 765 1030 841 ipsi
1055 768 1122 824 sunt

110 855 263 914 coalterni.
310 854 477 912 Secundum
505 874 574 932 ergo
601 855 809 930 probationem
835 854 930 931 figure
954 855 1009 912 26Θ
1037 857 1123 912 erunt

82 939 85 944 ’
109 945 225 1020 reliqua
248 945 344 1001 latera
368 944 487 1019 equalia
508 944 630 1019 reliquis
649 944 801 1021 lateribus²
825 943 964 1018 quodque
983 943 1124 1001 videlicet

111 1052 165 1092 suo
188 1033 314 1091 relativo
339 1034 453 1108 equale,
476 1035 507 1090 et
527 1033 659 1108 reliquus
683 1033 809 1109 angulus
833 1032 890 1090 erit
914 1032 1030 1107 equalis
1056 1032 1123 1090 reli·

71 1138 97 1177 10
111 1142 169 1197 quo
194 1122 317 1198 angulo:
341 1141 411 1199 ergo
434 1123 515 1180 latus
537 1140 587 1182 rm
610 1126 655 1180 est
679 1122 785 1196 equale
807 1121 896 1179 lateri
919 1139 965 1196 sq,
989 1124 1020 1180 et
1042 1121 1125 1180 latus

111 1230 165 1269 mu
193 1214 238 1270 est
265 1211 370 1286 equale
398 1211 486 1269 lateri
513 1230 569 1286 oq,
601 1205 653 1288 <et
682 1211 809 1287 angulus
836 1227 912 1270 rma
940 1211 984 1268 est
1017 1210 1125 1285 equale

112 1301 223 1377 angulo
245 1318 315 1373 uqa.
362 1300 403 1356 Et
426 1300 451 1358 si
473 1301 635 1376 producam
658 1299 768 1357 lineam
791 1317 829 1372 sq
847 1317 941 1375 usque
961 1297 1000 1356 ad
1019 1299 1125 1358 sectio·

111 1408 179 1447 nem
202 1390 279 1447 linee
301 1390 353 1463 ab,
382 1389 439 1447 erit
461 1390 542 1448 latus
566 1389 605 1462 qb
629 1389 735 1464 equale
757 1387 847 1446 lateri
869 1386 954 1463 rw,
982 1387 1126 1462 quoniam

113 1481 157 1536 est
194 1479 221 1536 ei
253 1478 422 1554 oppositum
453 1479 485 1535 in
517 1477 669 1553 superficie
702 1476 951 1552 equidistantium
981 1476 1128 1534 laterum:

72 1582 97 1622 15
113 1587 182 1644 ergo
210 1567 290 1625 linea
316 1568 354 1626 sb
382 1570 427 1625 est
454 1567 545 1642 dupla
572 1567 648 1624 linee
676 1584 735 1625 rm.
782 1564 813 1623 Si
837 1585 906 1642 ergo
930 1565 1128 1640 protrahatur

113 1677 131 1716 a
153 1660 263 1731 puncto
288 1674 302 1711 c
324 1656 404 1713 linea
427 1655 611 1731 equidistans
634 1655 721 1713 lineis
745 1671 779 1714 cz
803 1656 832 1712 et
854 1655 901 1729 bs,
925 1656 956 1712 et
978 1654 1126 1729 produca-

112 1751 162 1804 tur
193 1764 283 1820 supra
314 1747 458 1820 punctum
484 1763 508 1817 p
541 1744 620 1802 linea
646 1762 691 1817 ps
724 1743 884 1801 secundum
914 1743 1127 1802 rectitudinem

113 1834 297 1909 equidistans
325 1835 379 1908 ab,
408 1836 437 1890 et
465 1835 621 1890 concurrat
647 1833 723 1890 linee
751 1834 901 1906 protracte
930 1851 948 1889 a
974 1835 1088 1907 puncto
1112 1849 1127 1890 c

113 1921 307 1998 equidistanti
329 1921 407 1978 linee
431 1939 477 1996 er,
501 1923 693 1980 manifestum
717 1924 769 1998 est,
793 1920 874 1995 quod
895 1920 963 1996 ipsa
986 1923 1070 1980 secat
1093 1940 1127 1978 ex

74 2026 100 2064 20
114 2031 149 2069 ea
172 2011 282 2068 lineam
306 2011 442 2084 equalem
463 2011 541 2069 linee
563 2029 611 2084 ap.
652 2010 831 2068 Protraham
850 2029 919 2087 ergo
938 2009 1044 2086 ipsam,
1070 2029 1126 2086 que

115 2097 154 2158 sit
176 2100 256 2156 linea
280 2100 324 2171 cf:
349 2119 418 2175 ergo
442 2100 522 2157 linea
544 2101 578 2172 fc
601 2103 646 2158 est
669 2099 783 2174 equalis
806 2099 883 2156 linee
901 2117 959 2173 pr,
984 2099 1126 2174 quoniam

115 2207 149 2248 cs
172 2191 217 2246 est
236 2188 350 2263 equalis
369 2206 412 2264 ar,
432 2191 461 2246 et
480 2190 606 2266 angulus
625 2188 762 2263 partialis
782 2206 797 2246 s
816 2189 861 2246 est
880 2187 995 2262 equalis
1014 2188 1126 2264 angulo

115 2279 180 2351 esf,
212 2280 242 2335 et
270 2278 396 2354 angulus
422 2280 476 2350 fos
504 2281 549 2336 est
576 2277 690 2353 equalis
718 2277 828 2352 angulo
850 2294 927 2351 pro,
959 2276 1030 2352 quia
1059 2279 1127 2335 sunt

115 2367 266 2426 coalterni.
321 2366 400 2443 Ergo
434 2367 594 2425 secundum
623 2365 829 2442 probationem
860 2364 955 2442 figure
987 2365 1129 2424 vicesimo

75 2469 100 2509 25
116 2459 220 2514 octove
243 2458 312 2514 sunt
334 2455 430 2513 latera
452 2457 494 2530 fe,
516 2475 556 2529 ap
576 2455 702 2531 equatio.
745 2453 803 2512 Sed
820 2471 859 2527 rp
879 2456 925 2512 est
944 2454 1061 2529 equalis
1075 2472 1128 2529 pc,

116 2564 185 2622 ergo
209 2545 289 2602 linea
311 2544 345 2616 fc
368 2548 413 2603 est
432 2545 545 2620 equalis
559 2564 612 2618 pe,
636 2563 705 2620 ergo
724 2543 804 2600 linea
823 2544 863 2602 ab
883 2543 1032 2601 concurrit
1050 2543 1129 2602 linee

115 2652 151 2693 ae
173 2635 205 2691 in
227 2635 337 2708 puncto
361 2651 388 2707 c,
417 2634 496 2709 quod
519 2634 665 2708 sequitur,
690 2630 851 2690 secundum
873 2631 954 2706 quod
977 2631 1130 2691 ordinavit

116 2725 236 2782 Aornis
264 2722 296 2779 in
323 2721 499 2796 probatione
525 2722 633 2799 figure,
661 2740 717 2797 que
746 2723 803 2779 est:
832 2719 954 2795 „Linea
979 2739 1036 2795 que
1062 2739 1129 2780 con-

115 2812 288 2887 iunguntur,
311 2810 391 2886 quod
415 2814 460 2869 est
482 2811 561 2868 inter
583 2810 785 2869 extremitates
807 2809 954 2866 linearum
976 2810 1130 2884 equalium

76 2904 147 2958 acet
178 2899 437 2975 equidistantium,
468 2902 537 2957 sunt
560 2899 664 2974 equale
688 2902 733 2957 set
761 2896 1002 2973 equidistantes.“
1048 2899 1131 2977 Ergo

117 2993 269 3048 ostensum
292 2991 345 3062 est,
369 2989 448 3063 quod
471 2989 496 3046 si
519 2989 599 3046 linea
622 2990 704 3046 recta
727 2987 814 3046 cadat
833 3005 921 3062 super
939 2987 1012 3045 duas
1032 2992 1131 3047 rectas

116 3078 220 3152 lineae,
244 3079 274 3134 et
296 3077 410 3134 fuerint
432 3077 490 3136 duo
515 3077 617 3153 anguli
639 3076 801 3152 intrinseci,
825 3076 877 3151 qui
900 3079 970 3134 sunt
991 3076 1024 3134 in
1042 3081 1132 3152 parte

116 3187 190 3240 una,
213 3167 341 3224 minores
365 3166 477 3225 duobus
500 3167 589 3224 rectis
613 3166 744 3243 angulis,
769 3161 1131 3241 concurrant<inpa1tc

117 3257 245 3316 duorum
264 3251 473 3334 angulorum>3
498 3258 527 3313 et
545 3255 620 3313 illud
639 3257 691 3329 est,
715 3254 794 3330 quod
813 3254 1015 3313 demonstrare
1033 3255 1132 3316 volui-

76 3359 103 3399 35
116 3365 192 3403 mus.
244 3343 363 3419 Queque
397 3345 476 3403 dicta
508 3347 577 3402 sunt
604 3344 635 3401 in
662 3344 719 3401 hac
744 3343 841 3420 figura
869 3346 898 3401 et
924 3342 957 3400 in
984 3343 1040 3420 eis,
1075 3364 1134 3421 que

189 3539 230 3587 33.
252 3533 319 3605 una]
340 3531 457 3585 duorum
476 3531 642 3600 angulorum
662 3529 710 3598 qui
730 3532 801 3584 sunt.
