2408 3854
112 161 177 225 34ss
397 160 562 215 ANARITII
580 159 836 216 COMMENTARII

111 329 190 388 fieies
217 349 287 389 vero
315 348 355 390 aa
382 331 414 387 in
440 331 481 390 ad
504 332 550 389 est
572 331 686 406 equalis
710 330 856 405 quadrato
880 331 932 390 ed:
961 348 1033 406 ergo
1057 349 1122 406 pro·

110 420 209 494 portio
242 437 282 479 aa
314 419 353 477 ad
383 420 423 478 de
455 421 499 477 est
531 419 608 478 sieut
638 420 792 496 proportio
825 420 865 478 de
896 418 936 477 ad
965 420 1014 479 da.
1068 417 1123 478 Sed

110 509 264 583 proportio
288 526 330 568 aa
352 508 391 566 ad
413 509 452 567 de
475 510 520 566 est
543 509 619 567 siout
641 509 793 584 proportio
817 509 859 567 aa
882 508 922 566 ad
943 511 984 583 te,
1008 511 1040 567 et
1058 527 1122 583 pro

111 598 209 672 portio
238 598 278 656 de
305 597 343 655 ad
370 598 410 656 dr
434 600 478 656 est
501 597 578 655 sieut
599 598 751 674 proportio
776 601 806 656 et
828 595 867 654 ad
888 600 932 657 ta:
961 616 1034 674 ergo
1058 615 1122 672 pro·

85 687 209 761 bportio
237 687 280 744 ale
307 687 346 743 ad
373 690 402 745 ta
425 688 470 744 est
492 687 568 744 sieut
589 687 742 762 proportio
765 690 796 745 te
818 686 857 744 ad
878 689 922 760 ta,
951 705 1023 763 ergo
1047 687 1123 745 inter

112 776 154 833 ule
187 777 216 834 et
247 774 290 834 aa
319 776 364 834 est
391 774 558 850 superficies
586 776 745 834 seeundum
771 775 998 851 proportionem
1024 794 1122 848 unam,

112 883 171 938 que
195 866 240 921 est
262 867 299 922 te.
342 862 400 922 Sed
421 864 500 922 inter
521 865 567 922 ml
590 868 619 922 et
642 866 678 923 la
701 866 746 923 est
768 863 937 939 superficies
961 864 1122 923 seeundum

111 952 334 1028 proportionem
356 972 456 1028 unam,
479 972 538 1028 que
562 956 607 1011 est
628 954 670 1028 ql,
693 956 723 1011 et
741 954 784 1012 ale
802 956 832 1011 et
849 953 893 1011 led
911 955 985 1011 sunt
1004 954 1122 1028 equales

111 1042 156 1098 ml
185 1045 214 1099 et
240 1042 288 1100 al:
322 1061 391 1119 ergo
419 1045 449 1100 te
476 1045 521 1100 est
548 1041 663 1117 equalis
690 1043 731 1116 ql.
781 1040 839 1100 Sed
865 1041 909 1100 dle
935 1044 982 1100 est
1010 1042 1123 1118 equalis

72 1142 99 1180 10
112 1130 165 1204 leq,
194 1133 224 1188 et
251 1131 284 1203 ql
310 1134 356 1188 est
384 1130 498 1205 equalis
526 1132 568 1189 le:
596 1149 666 1208 ergo
694 1133 760 1190 tota
788 1132 827 1204 tp
852 1133 897 1188 est
920 1131 1039 1205 equalis
1062 1149 1121 1190 mo.

113 1216 171 1276 Sed
192 1237 248 1276 rara
271 1222 316 1278 est
339 1219 517 1294 quadratum
541 1237 596 1292 qo:
621 1239 689 1296 ergo
714 1221 753 1294 by
776 1223 821 1278 est
840 1219 955 1294 equalis
977 1219 1121 1295 quadrato

112 1325 163 1380 qo.
203 1308 283 1385 Ergo
308 1327 399 1383 supra
421 1311 517 1367 totam
540 1309 580 1382 by
602 1311 701 1384 potest
724 1326 774 1382 qa.
817 1306 874 1366 Sed
897 1325 937 1368 aa
961 1309 1122 1367 eommuni-

113 1398 161 1454 eat
191 1398 233 1455 ad
263 1397 295 1454 in
326 1397 527 1474 longitudine,
560 1415 630 1474 ergo
663 1398 707 1456 od
734 1396 933 1456 communicat
960 1397 1121 1474 unicuique

112 1484 239 1543 duarum
261 1486 426 1545 sectionum
449 1504 497 1560 aa,
519 1487 567 1546 sd.
610 1485 668 1543 Sed
690 1487 735 1544 ad
758 1490 803 1544 est
820 1485 986 1562 rationalis,
1011 1489 1043 1545 et
1061 1487 1122 1563 ipsa
1169 1549 1172 1558 ,

72 1585 99 1626 15
113 1577 158 1632 est
194 1575 413 1633 eommuniean‘s
450 1577 491 1634 ob
528 1575 559 1632 in
595 1574 794 1652 longitudine,
835 1593 905 1652 ergo
941 1593 1121 1652 unaqueque

95 1676 97 1680 ⁴
113 1662 241 1721 duarum
259 1663 406 1722 linearum
425 1681 472 1739 aa,
493 1665 534 1723 ad
553 1666 598 1722 est
615 1663 771 1723 rationalis
791 1666 821 1721 et
839 1666 884 1722 est
902 1664 1122 1724 communicans

113 1753 154 1810 ab
173 1752 205 1810 in
222 1752 417 1829 longitudine.
456 1753 536 1829 Ergo
555 1771 735 1828 unaqueque
754 1752 882 1810 duarum
900 1752 1123 1828 superficierum

113 1841 168 1915 alt,
199 1841 243 1899 led
275 1845 319 1899 est
350 1841 513 1900 rationalis.
568 1840 626 1899 Sed
657 1841 720 1916 ipse
752 1843 822 1899 sunt
853 1841 976 1916 equales
1009 1842 1121 1901 duobus

114 1928 269 2002 quadratis
291 1930 344 2004 ml,
369 1930 418 1987 al:
442 1948 511 2006 erge
534 1928 591 1987 due
615 1929 784 2005 superficies
806 1931 859 2005 ml,
883 1931 919 1988 la
942 1933 1014 1988 sunt
1033 1931 1122 1990 ratio·

74 2030 100 2069 so
113 2016 208 2091 nales,
237 2019 267 2075 et
288 2017 352 2092 ipse
376 2021 445 2076 sunt
467 2017 526 2078 duo
550 2018 698 2093 quadrata
721 2019 764 2094 qf,
791 2019 843 2091 fn:
871 2037 941 2094 ergo
966 2019 1027 2078 duo
1053 2039 1121 2096 qua·

113 2105 199 2164 drata
227 2107 269 2182 qs,
296 2108 337 2179 fa
364 2110 433 2166 sunt
455 2107 616 2166 rationalia
639 2110 669 2166 et
692 2107 950 2166 communicantia.
999 2107 1060 2166 Sed
1083 2109 1123 2168 ad

114 2194 281 2273 seiungitur
301 2197 346 2270 qd
368 2195 400 2254 in
422 2196 620 2273 longitudine,
648 2195 700 2256 sed
723 2198 767 2255 acl
790 2195 990 2256 communicat
1012 2199 1068 2274 da,
1097 2199 1124 2255 et

113 2285 155 2356 qd
181 2285 381 2344 eommunioat
408 2287 459 2361 de,
488 2285 629 2361 quoniam
653 2285 714 2344 eius
737 2284 880 2344 medietas
904 2287 962 2343 est:
991 2304 1064 2364 erge
1088 2287 1124 2345 ed

113 2372 280 2450 seiungitur
311 2376 363 2450 da,
396 2378 426 2433 et
453 2378 484 2433 et
509 2373 676 2451 seiungitur
703 2378 741 2434 ta.
792 2372 850 2432 Sed
878 2377 908 2432 et
935 2376 981 2432 est
1008 2375 1123 2450 equalis

72 2462 157 2534 aql,
186 2465 216 2520 et
242 2467 273 2522 ta
296 2465 341 2521 est
364 2463 478 2538 equalis
502 2464 550 2521 lo:
579 2483 648 2541 ergo
672 2464 705 2536 ql
727 2462 895 2538 seiungitur
918 2463 966 2537 la,
995 2482 1068 2542 ergo
1091 2464 1128 2538 qf

113 2549 280 2628 seiungitur
306 2553 345 2624 fa
372 2552 404 2609 in
425 2551 625 2629 longitudine,
653 2555 684 2609 et
705 2551 768 2627 ipse
791 2551 982 2627 inpotentia
1005 2555 1125 2612 tantum

113 2641 182 2697 sunt
200 2640 361 2699 rationales
380 2643 410 2698 et
429 2641 685 2699 eommunioantes.
726 2641 807 2716 Ergo
826 2658 869 2713 qa
888 2643 933 2698 est
950 2640 1124 2716 binomium,

114 2730 144 2785 et
174 2727 241 2803 ipsa
274 2732 319 2788 est
350 2732 456 2805 potens
488 2747 578 2804 supra
610 2727 795 2804 superficiem
825 2730 877 2804 b93
910 2731 940 2786 et
966 2729 1045 2789 illud
1074 2735 1124 2805 est,

113 2817 192 2891 qnod
215 2817 417 2877 demonstrare
440 2817 596 2877 voluimus.

72 2919 100 2958 80
202 2906 247 2964 Ex
274 2908 329 2967 hoo
356 2908 458 2983 itaque
485 2907 546 2965 iam
572 2905 732 2965 manifesta
760 2907 805 2965 est
830 2905 941 2982 figura,
975 2925 1070 2982 quam
1096 2908 1125 2965 in

114 2994 266 3054 elementis
299 2997 492 3071 ostendimus,
530 2996 669 3073 quoniam
701 2993 868 3070 superficies
902 2997 952 3070 ba,
991 3015 1050 3072 que
1084 2998 1125 3055 est

113 3083 281 3160 superficies
309 3087 357 3160 la,
385 3089 415 3145 et
442 3085 610 3163 superficies
637 3086 694 3160 aa,
722 3103 780 3159 que
808 3087 853 3142 est
880 3083 1052 3160 superficies
1075 3086 1125 3158 ml,

113 3176 143 3231 et
180 3173 236 3232 due
272 3175 386 3234 radices
424 3177 466 3235 80
502 3178 573 3234 sunt
605 3192 695 3250 supra
727 3171 913 3248 superficiem
944 3167 1122 3250 potentes.¹)

182 3366 224 3416 30.
243 3361 432 3416 manifestum.

176 3542 204 3612 1)
226 3539 298 3597 Vide
318 3556 403 3614 supra
420 3557 448 3612 p.
464 3543 615 3594 till-tto.
