2408 3848
386 153 436 206 AD
455 152 785 208 EUGLIDEMLIB.1V.
1025 153 1087 218 151

165 321 211 380 De
229 321 351 400 figura
371 322 497 398 quinta
516 314 683 403 decima1)
698 321 772 380 dixit
786 322 913 397 Ymaas,
929 321 1010 397 quod
1022 322 1090 397 ipsa

72 414 127 486 eet,
153 411 234 469 sicut
255 410 330 470 dixit
352 411 519 471 1111111111.
566 409 692 479 Quidam
714 412 814 469 tamen
838 414 973 486 querunt,
997 431 1089 486 quare

74 499 237 560 decumas
251 500 392 576 apposuit
403 500 531 578 figuram
546 500 679 577 exagoni,
694 503 724 558 et
736 519 797 558 non
811 501 950 575 apposuit
962 499 1090 578 figuram

76 588 228 666 decagoni.
275 588 333 647 Sed
356 590 381 648 si
405 589 470 665 quis
499 589 618 664 dixerit,
648 589 728 664 quod
751 607 899 666 exagonus
923 592 968 647 est
990 608 1088 648 neces-

77 678 172 736 sarius
194 678 299 755 figuris
322 678 563 754 superficialibus,
587 697 643 753 que
667 681 736 736 sunt
759 679 904 736 elementa
926 677 1090 754 figmarum
1115 689 1128 729 ⁵

78 784 293 843 corporearum,
316 786 369 826 nos
393 767 530 842 dicemus,
555 767 634 841 quod
652 765 819 844 decagonus
841 785 901 824 uon
923 767 1020 825 minus
1044 771 1089 826 est

79 856 267 932 necessariae,
291 875 381 931 quam
404 873 564 933 exagonus3
589 858 619 913 et
637 855 729 912 etiam
752 856 777 914 si
797 855 913 930 dixerit,
938 857 1016 931 quod
1039 857 1088 914 de-

78 944 199 1020 scriptio
228 945 353 1021 exagoni
376 947 406 1003 ct
429 945 571 1021 decagoni
599 947 644 1002 est
665 944 837 1020 manifesta,
865 945 978 1003 scilicet
1000 945 1088 1021 quod,

78 1051 145 1091 cum
172 1033 389 1109 descripserunt
416 1033 446 1090 in
474 1033 582 1092 circulo
609 1033 793 1110 triangulum
821 1033 1029 1110 equilaterum,
1058 1039 1088 1093 et

79 1121 243 1180 diviserunt
262 1142 407 1197 quemque
431 1141 531 1181 arcum
554 1123 681 1179 laterum
703 1122 735 1179 in
758 1122 816 1180 duo
838 1122 944 1198 media,
968 1125 998 1181 et
1020 1135 1128 1182 con-1⁰

78 1209 238 1269 iunxerunt
259 1213 346 1270 notas
370 1230 437 1269 cum
458 1210 553 1285 lineiS,
576 1209 628 1268 fiet
650 1210 681 1267 in
705 1210 812 1268 circulo
840 1211 911 1270 dato
939 1231 1088 1289 exagonus

78 1299 259 1374 equilaterus
292 1302 322 1358 et
353 1299 505 1375 equalium
537 1300 726 1376 angulorum3
764 1302 794 1356 et
829 1299 966 1358 similiter
998 1302 1089 1360 etiam

77 1388 232 1447 fecerimus
250 1388 282 1446 in
301 1389 459 1465 decagono,
478 1388 509 1445 id
523 1390 576 1463 est,
594 1391 629 1446 ut
646 1387 789 1446 faciamus
807 1387 839 1444 in
857 1387 966 1447 circulo
984 1393 1087 1464 penta-

32 1473 57 1524 !
78 1497 196 1554 ganum.
242 1477 330 1554 Ergo,
355 1478 425 1553 quia
442 1478 499 1536 iste
517 1479 578 1535 tres
596 1477 689 1555 figure
707 1477 826 1552 fuerint,
850 1476 926 1535 sicut
944 1468 1088 1558 dilximuS,

77 1566 191 1624 dimisit
213 1566 395 1644 decagonum
419 1570 448 1625 et
471 1566 611 1642 apposuit
629 1585 801 1643 exagonum.
846 1565 909 1624 Nos
928 1585 997 1624 vero
1017 1566 1128 1624 dici-1⁵

77 1673 150 1730 mue,
175 1656 253 1730 quod
275 1657 434 1715 Eccumus
457 1675 517 1714 non
543 1655 609 1713 ideo
638 1655 776 1730 apposuit
804 1674 980 1732 exagonum,
1010 1655 1089 1729 quod

78 1747 122 1802 est
144 1745 303 1803 manifesta
326 1745 389 1804 eius
412 1744 582 1820 descriptio,
606 1745 658 1803 sed
680 1745 759 1820 idea,
790 1744 869 1819 quod
891 1744 1034 1820 probatur
1056 1745 1088 1802 in

77 1832 151 1908 ipso,
175 1834 261 1909 quod,
285 1853 351 1892 cum
374 1834 517 1892 fueritin
541 1834 650 1892 circulo
673 1852 821 1912 exagonus
846 1833 996 1908 equalium
1013 1834 1087 1892 late·

77 1941 143 1979 rum
171 1925 201 1980 et
230 1924 419 1999 angulorum,
452 1923 509 1980 erit
535 1923 614 1981 latus
642 1923 768 2000 exagoni
799 1923 903 1998 equale
934 1920 1088 1981 medietati

77 2010 215 2069 diametri
234 2011 348 2085 circuli3
379 2015 409 2070 et
432 2030 498 2070 cum
519 2012 611 2070 fuerit
632 2012 664 2069 iu
687 2013 795 2071 circulo
817 2012 913 2089 figura
936 2012 1087 2086 equalium
1101 2023 1128 2062 2⁰

77 2099 219 2176 laterum,
247 2102 278 2158 et
299 2101 390 2159 fuerit
412 2100 555 2158 medietas
579 2100 717 2158 diametri
744 2100 858 2176 equalis
885 2100 937 2158 uui
959 2101 1088 2158 laterum

76 2187 183 2264 ipsium
211 2188 268 2246 erit
291 2192 321 2247 et
347 2189 422 2246 illud
448 2189 528 2247 latus
551 2191 685 2266 exagoni.
734 2190 798 2248 Hoc
826 2189 958 2246 enimin
984 2188 1087 2266 figuris

77 2277 226 2352 corporeis
250 2280 295 2335 est
316 2277 521 2336 necessarium.
566 2278 728 2354 Propterea
747 2278 821 2335 dixit
839 2278 971 2337 Yaraus:
1003 2277 1087 2337 Licet

77 2364 132 2424 hoo
154 2365 198 2424 ita
221 2365 275 2441 sit,
303 2369 404 2425 tamen
426 2367 534 2425 addam
556 2367 619 2442 hoc,
643 2367 722 2441 quod
743 2368 902 2425 ducimus
930 2385 996 2423 cum
1022 2366 1086 2440 hoc,

78 2454 156 2529 quod
175 2455 247 2513 feeit
263 2454 295 2512 in
315 2475 455 2532 exagono,
477 2456 584 2531 innuit,
608 2455 687 2530 quod
710 2455 745 2512 de
769 2455 845 2529 aliis,
869 2473 926 2528 que
945 2457 1014 2512 sunt
1031 2455 1086 2514 hoa
1100 2468 1126 2509 11

77 2543 180 2662 modo,
209 2544 249 2602 sit
274 2544 455 2619 faciendum,
488 2545 564 2603 sicut
591 2547 635 2602 est
658 2543 824 2621 decagonus
857 2546 887 2601 et
918 2543 971 2600 1111
1000 2544 1086 2602 huius

77 2632 165 2692 modi.
253 2682 256 2686 .

165 2625 201 2779 111
224 2722 343 2799 figura
367 2726 466 2781 sexta
490 2714 656 2804 decima³)
675 2721 750 2780 dixit
767 2723 894 2796 laruae,
919 2721 998 2797 quod
1020 2723 1086 2798 ipsa

149 2891 395 2960 1)]1111111111,
416 2897 461 2947 16:
493 2893 576 2946 Iutra
595 2893 762 2960 propositum
785 2891 917 2945 circutum
934 2907 1086 2962 eaaqouum

76 2963 255 3031 equitatorum
268 2970 293 3017 et
305 2964 500 3034 equiauqulum
514 2965 665 3018 describere.
688 2963 737 3018 Eu
750 2965 799 3017 lece
812 2963 903 3031 itaque
912 2964 1087 3029 mauifeetum

76 3040 127 3100 eet,
145 3035 218 3159 qbupd
236 3035 309 3088 latus
327 3035 444 3105 eaapcui
461 3051 558 3103 equum
576 3041 614 3089 eet
631 3035 745 3090 dimidio
763 3034 890 3088 diametri
908 3034 1017 3102 circuli,
1040 3036 1087 3088 oui

75 3105 161 3159 moeri
186 3105 243 3159 tur.

148 3179 175 3245 2)
197 3175 251 3228 Illa
273 3192 338 3244 pars
362 3175 531 3246 additionis,
560 3192 631 3244 quae
655 3193 672 3228 a
690 3175 782 3230 verbis
801 3174 914 3245 incipit:
946 3175 1087 3244 „Quidam

76 3254 168 3301 tamea
181 3251 324 3316 queruut‘,
337 3248 370 3300 ut
384 3263 418 3300 ex
431 3247 533 3301 ultima
547 3246 640 3301 alinea
648 3250 736 3317 patet,
751 3247 787 3301 ab
797 3247 910 3301 Hxnoun
925 3245 1024 3300 addita
1034 3248 1085 3301 cst.

148 3319 175 3386 3)
194 3318 329 3372 Eudamus
348 3319 395 3387 IV,
415 3324 461 3373 16:
489 3320 571 3374 Iutra
589 3319 685 3372 datum
703 3321 835 3373 circulum
852 3319 1086 3388 quiadecapouum

75 3389 254 3458 equitatorum
277 3397 302 3445 et
323 3391 518 3460 equiaupulum
540 3389 687 3459 desipuere.
725 3391 833 3444 Deiude
855 3393 929 3445 circa
947 3389 1087 3458 quemlibet

75 3462 209 3515 circulum
222 3461 392 3531 decimatum
406 3462 640 3532 quiudeeaqouum
653 3462 829 3528 equitaterum
843 3469 923 3531 atque
935 3461 1085 3530 equiaupu-

75 3532 147 3598 tum,
171 3539 250 3603 atque
268 3533 345 3586 iutra
362 3533 457 3587 datum
475 3534 708 3602 quiadecaqouum
730 3533 864 3587 circulum
881 3532 1044 3586 describere.
1061 3559 1097 3567 -
