2408 3848
52 164 59 189 l
117 133 159 198 98
405 133 571 188 ANARITII
589 131 846 187 COMMENTARII

205 302 378 362 Probatio
398 303 516 380 figure
535 295 720 383 septim01)
740 302 932 361 secundum
950 303 1139 362 Yn1u1in·

117 392 320 450 tentionem
343 394 388 450 est
411 392 574 450 secundum
592 392 712 449 modum
735 391 926 450 resolutionis
944 391 999 450 ita.

205 479 333 549 Queram
363 499 446 557 ergo,
477 499 516 538 an
549 480 717 539 coniunctio
748 480 875 538 duorum
906 481 1140 555 quadratorum,

116 590 173 645 que
196 569 272 627 fiunt
295 589 331 628 ex
354 569 467 627 duabus
490 569 577 627 lineis
600 571 653 643 ab,
676 570 728 644 by,
751 569 919 628 resolvatur
945 570 978 627 in
1006 569 1138 646 duplum

90 658 295 734 osuperficiei,
326 679 382 734 que
410 658 579 716 continetur
606 677 624 716 a
652 657 766 716 duabus
793 658 880 717 lineis
907 659 958 734 ab,
987 659 1042 734 by,
1067 678 1136 718 oum

115 748 261 823 quadrato
282 768 317 804 ex
335 747 415 805 linea
433 765 476 821 oy
490 749 520 805 et
539 750 673 822 equatur.
710 746 785 807 Dico
804 766 884 824 ergo,
904 747 986 822 quod
1004 748 1136 823 quadra-

114 839 180 894 tum
194 838 235 895 ab
249 836 410 895 resolvitur
422 836 454 893 in
463 837 640 911 probatione

114 925 208 1003 figure
232 928 274 1000 4⁸,
303 925 382 1001 quod
410 927 468 1000 est,
498 926 640 1000 quoniam
672 918 853 1024 lf———q
1116 936 1134 1026 (ιι

116 1015 296 1090 quadratum
313 1015 426 1072 factum
445 1034 480 1072 ex
498 1014 578 1072 linea
597 1015 639 1072 ob

75 1122 101 1161 ro
115 1106 160 1162 est
180 1103 285 1178 equale
304 1103 504 1161 coniunctioni
527 1103 653 1161 duorum
676 1102 899 1177 quadratorum,
924 1121 982 1177 que
1000 1101 1080 1161 fiunt
1099 1124 1135 1162 ex

115 1192 230 1251 duabus
248 1193 334 1250 lineis
353 1210 409 1266 oc,
420 1193 477 1268 yb,
496 1195 526 1250 εὴ
545 1192 636 1268 duplo
656 1190 829 1267 superficiei,
849 1211 906 1266 que
925 1191 1100 1250 continetur
1116 1211 1135 1250 a

115 1281 231 1340 duabus
249 1281 335 1339 lineis
354 1299 404 1357 oy,
420 1283 476 1355 qb:
501 1301 570 1359 ergo
591 1279 771 1356 quadratum
789 1282 831 1339 ab
851 1283 882 1338 et
900 1281 940 1353 by
959 1283 1005 1339 est
1025 1281 1133 1356 equale

115 1366 227 1446 <duplo
247 1369 421 1445 superficiei,
442 1390 499 1446 que
524 1369 694 1430 continetur
716 1387 734 1426 a
758 1368 852 1427 debus
876 1365 985 1443 lineis>
1010 1387 1063 1446 oy,
1079 1372 1132 1444 qb,

115 1478 182 1518 cum
197 1460 286 1535 duplo
302 1459 441 1536 quadrati
455 1460 529 1518 facti
544 1479 579 1517 ex
597 1458 677 1515 linea
693 1459 736 1531 yb
755 1460 786 1516 εὴ
805 1477 871 1517 cum
886 1457 1035 1534 quadrato
1050 1458 1133 1518 facto

75 1565 100 1604 15
116 1568 151 1606 ex
169 1549 249 1607 linea
267 1568 318 1623 oq.
351 1548 409 1606 Sed
424 1548 584 1607 secundum
597 1546 804 1622 probationem
822 1546 917 1624 figure
932 1547 1024 1606 tercie
1043 1547 1132 1606 huius

112 1638 207 1713 partis
223 1638 279 1696 erit
293 1638 417 1712 duplum
431 1636 605 1712 superficiei,
625 1655 681 1711 que
696 1636 866 1694 continetur
880 1654 898 1694 a
912 1636 1028 1695 duabus
1043 1636 1131 1695 fineis

113 1729 163 1801 ab,
179 1729 218 1802 by
236 1721 372 1804 <equalis
392 1726 482 1800 duplo
502 1725 675 1800 superficiei,
695 1743 784 1800 quam
804 1725 957 1783 continent
977 1725 1034 1783 due
1052 1725 1129 1784 lineo

113 1833 164 1891 oy,
183 1818 236 1889 bc,
259 1834 326 1873 cum
350 1814 440 1889 duplo
464 1814 603 1889 quadrati
621 1813 695 1872 facti
714 1833 749 1870 ex
767 1813 847 1872 linea
863 1809 934 1892 ob).
972 1813 1039 1872 Iam
1058 1833 1129 1892 ergo

112 1907 247 1962 remanet
270 1903 449 1978 quadratum
472 1904 585 1960 factum
609 1922 644 1960 ex
666 1903 746 1960 linea
765 1921 808 1976 ay
827 1906 856 1961 et
880 1902 1005 1977 duplum
1029 1921 1128 1979 super·

75 1992 197 2067 roficiei,
222 2012 279 2067 que
303 1991 471 2050 continetur
494 2011 512 2049 a
536 1991 648 2050 duabus
672 1991 759 2049 lineis
782 1993 837 2068 ob,
861 1993 915 2067 qb,
947 1988 1028 2066 [cum
1058 2011 1128 2068 qua·

113 2082 198 2139 drato
226 2081 307 2138 facto
338 2100 373 2138 ex
399 2081 479 2138 linea
507 2078 561 2156 aq]
597 2081 701 2156 equale
734 2081 824 2155 duplo
859 2079 1039 2156 superficiei,
1073 2101 1128 2157 que

113 2170 283 2228 continetur
312 2188 329 2226 a
358 2169 472 2227 duabus
499 2170 585 2227 lineis
614 2188 668 2245 aq,
696 2170 749 2244 ob,
776 2188 845 2228 cum
872 2168 963 2244 duplo
988 2169 1128 2245 quadrati

112 2259 185 2317 facti
214 2278 248 2316 ex
276 2258 356 2316 linea
382 2260 423 2332 qb
452 2261 483 2316 et
511 2259 658 2334 quadrato
685 2259 765 2317 facto
794 2278 829 2316 ex
851 2258 931 2316 linea
954 2275 1005 2333 oq.
1053 2257 1127 2318 Con·

111 2348 224 2406 iunctio
247 2347 341 2425 igi'uur
363 2347 487 2406 duorum
512 2347 739 2423 quadratorum,
767 2366 824 2422 que
846 2347 924 2405 fiunt
955 2367 990 2405 ex
1013 2346 1127 2407 duabus

72 2453 97 2492 25
112 2437 198 2494 lineis
227 2439 281 2512 ob,
310 2439 362 2511 by,
389 2437 450 2495 iam
479 2437 611 2495 resoluta
644 2437 690 2495 est
721 2436 752 2493 in
784 2436 911 2514 figuram
941 2436 1071 2512 primam
1098 2439 1127 2495 et

112 2529 239 2602 equatur
253 2526 342 2601 duplo
358 2526 536 2602 superficiei,
557 2544 614 2600 que
630 2525 800 2584 continetur
814 2544 832 2584 a
846 2525 960 2584 duabus
975 2525 1064 2585 lineis
1078 2527 1128 2599 od,

184 2808 225 2856 12.
251 2820 290 2872 oq
311 2801 341 2854 in
359 2804 405 2872 qb.
430 2833 462 2841 -
489 2807 529 2856 15.
555 2802 621 2856 Post
644 2801 720 2854 linea
739 2819 779 2871 oq
798 2801 924 2870 Mscptm.
945 2802 1038 2856 addit:
1062 2818 1127 2872 ergo

112 2873 282 2941 quadratum
301 2875 340 2928 ab
359 2875 388 2927 et
406 2875 444 2944 by
463 2875 506 2927 cot
525 2872 625 2940 equale
644 2875 682 2928 ab
701 2872 731 2925 in
750 2875 795 2943 by.

183 3158 364 3229 1)Euor11>ns
383 3157 417 3226 ΙΙ,
438 3163 466 3213 7:
495 3158 526 3212 Si
545 3158 618 3212 limo
636 3159 667 3210 io
686 3159 757 3212 duos
770 3163 866 3226 portes
884 3157 1035 3225 dividatur,
1056 3159 1129 3229 quod

109 3234 141 3300 dt
158 3249 192 3286 coc
211 3232 294 3284 ductu
312 3231 395 3285 totius
413 3231 445 3282 c'a
462 3245 489 3284 se
507 3231 609 3298 ipsam,
628 3246 689 3283 cum
707 3245 749 3296 eo,
769 3229 840 3298 quod
858 3245 891 3283 ecc
910 3230 994 3283 ductu
1013 3230 1129 3286 alteriue

106 3303 248 3373 particio
266 3319 292 3356 se
311 3302 412 3370 ipsam,
437 3317 534 3370 equom
552 3307 590 3355 est
608 3302 658 3366 eis,
682 3317 733 3369 quc
751 3317 784 3354 eor
803 3302 887 3354 docto
905 3301 988 3355 totius
1008 3301 1080 3357 tinec
1097 3304 1129 3356 io

110 3375 223 3429 eoadem
237 3379 345 3443 portem
369 3374 409 3426 bis
432 3378 456 3426 et
479 3389 512 3426 ac
535 3373 619 3426 ductu
642 3373 756 3426 alterius
771 3373 862 3440 partis
880 3373 912 3424 io
925 3389 952 3426 se
965 3373 1065 3440 ipsam.
1096 3372 1128 3426 Id

109 3448 165 3587 quta
197 3441 755 3547 (a42b)’†o²=2(o†b)c†b²,
786 3441 831 3495 vel
864 3442 1130 3518 cc²†y²=2xy

159 3519 188 3588 (o
202 3548 235 3556 -
250 3519 301 3587 ct·
