2408 3848
396 137 445 190 AD
464 135 650 190 EUCLIDEM
667 135 735 191 LIB.
749 135 782 193 X.
1028 135 1093 200 275

82 324 148 363 mus
177 306 208 362 in
236 305 290 380 eis,
318 305 479 363 secundum
507 305 586 380 quod
614 304 691 379 dico,
720 304 769 363 sic.
777 296 801 380 1)
850 302 882 361 Si
904 303 1093 363 habuerimus

81 394 211 452 radicem
243 393 351 470 viginti
384 393 515 468 quinque
543 397 574 452 et
600 393 730 452 radicem
756 412 875 468 nouem,
908 395 938 451 et
964 393 1094 451 radicem

81 482 190 559 viginti
214 483 344 557 quinque
364 485 486 558 excepta
503 482 603 540 radice
621 501 734 542 novem.
773 481 805 539 si
825 500 894 559 ergo
913 481 1093 542 voluerimus

82 589 131 629 eas
152 574 186 629 et
210 572 248 629 ad
266 572 321 630 hoc
340 571 455 646 ducere,
473 570 737 645 multiplicabimus
757 571 815 630 duc
831 570 865 628 in
884 570 951 646 duo,
971 573 1001 628 et
1017 571 1094 630 fiunt

82 663 222 734 quatuor,
251 663 281 718 et
306 659 571 736 multiplicabimus
599 659 674 717 illud
699 660 732 717 in
759 659 868 737 viginti
896 660 1039 737 quinque,
1063 662 1093 718 et
1119 671 1132 711 5

79 748 255 822 provenient
278 752 410 824 centum,
434 749 516 807 cuius
539 748 625 806 radix
648 751 769 822 accepta
793 751 838 806 est
860 747 972 807 decem:
994 751 1093 808 totum

82 855 151 912 ergo
181 840 226 895 est
255 838 314 897 duo
341 837 454 896 radices
476 836 586 914 viginti
610 837 749 912 quinque.
797 836 855 894 Sed
876 837 962 898 radix
984 837 1093 914 viginti

80 926 212 1001 quinque
240 928 286 984 est
313 927 444 1002 quinque
469 929 499 984 et
520 925 606 984 radix
628 945 734 984 novem
758 928 803 982 est
824 927 985 1001 ternarius,
1014 926 1093 1002 quod

80 1034 151 1090 ergo
179 1013 215 1072 fit
242 1035 277 1072 ex
295 1015 342 1073 eis
365 1019 411 1074 est
434 1017 513 1090 octo,
542 1015 591 1073 cui
614 1032 809 1091 aggregemus
832 1014 962 1073 radicem
984 1014 1093 1093 viginti

80 1103 210 1179 quinque
233 1103 332 1161 radice
355 1123 461 1163 novem
480 1106 611 1178 excepta,
634 1122 691 1178 quo
710 1105 755 1160 est
773 1103 841 1175 duo,
860 1105 890 1161 et
909 1103 1132 1165 eritdecem.1⁰

82 1191 167 1260 Quod
190 1192 216 1250 si
236 1212 332 1250 unum
355 1211 456 1250 earum
474 1212 509 1250 ex
527 1192 623 1250 altera
642 1191 773 1250 minuere
792 1191 980 1268 voluerimus,
998 1213 1092 1252 remo-

80 1281 213 1339 vebimus
241 1281 299 1339 duo
327 1281 437 1356 prima,
467 1284 497 1339 et
523 1280 789 1358 multiplicabimus
818 1280 875 1338 duo
900 1280 935 1338 in
958 1281 1033 1356 duo,
1062 1285 1092 1340 et

78 1370 255 1445 provenient
288 1371 429 1445 quatuor.
487 1369 603 1427 Deinde
637 1368 902 1444 multiplicabimus
939 1369 1024 1427 illum
1060 1370 1091 1428 iu

79 1479 194 1533 novem,
218 1462 248 1517 et
269 1458 347 1517 fiunt
364 1458 491 1536 triginta
509 1476 568 1532 sex,
589 1458 672 1517 euius
693 1456 853 1532 accipimus
871 1457 1009 1532 radicem,
1033 1478 1091 1534 que

79 1549 136 1605 erit
158 1567 217 1622 sex,
235 1547 293 1624 vqui
317 1551 362 1606 est
385 1551 450 1607 octo
475 1549 597 1622 excepto
620 1547 743 1605 binario.
781 1546 822 1604 m
839 1546 915 1604 illud
935 1550 987 1621 est,
1012 1546 1130 1622 qu0d1⁵

78 1636 279 1694 demonstrare
302 1637 460 1696 voluimus.

166 1717 438 1807 Propositumi)
476 1723 551 1783 (lum
568 1724 697 1784 volueris
716 1723 802 1783 scire:
821 1722 965 1781 medietas
983 1724 1090 1785 radicis

78 1815 196 1871 numeri
217 1813 281 1873 dati
299 1815 382 1874 cuius
400 1813 517 1872 numeri
534 1813 574 1872 sit
591 1811 683 1886 radix,
702 1811 967 1887 multiplicabimus
983 1812 1090 1870 medie-

78 1904 175 1959 tatem
205 1902 238 1959 in
269 1903 472 1978 medietatem,
509 1900 614 1960 deinde
649 1899 914 1976 multiplicabimus
950 1901 1025 1958 illud
1059 1902 1091 1959 in

564 2010 720 2049 numerum
755 1991 785 2047 et
818 1989 979 2065 accipimus
1011 1991 1089 2048 radi·
1104 2003 1130 2045 20
1185 2002 1186 2007 ’

501 2063 520 2098 a
565 2097 628 2137 cem
665 2079 742 2153 eius,
784 2077 865 2152 quod
895 2081 1089 2155 aggregatur.

563 2167 604 2224 Et
616 2166 754 2224 similitor
769 2166 794 2223 si
805 2166 987 2224 voluerimus
1002 2167 1089 2226 scire:

564 2255 657 2312 tercia
674 2253 782 2312 radicis
801 2272 904 2312 census
924 2255 1007 2314 cuius
1024 2275 1089 2323 cen-

564 2360 613 2401 sus
637 2341 677 2400 sit
698 2341 797 2416 radix,
820 2343 1088 2418 multiplicabimus

563 2430 687 2490 terciam
700 2430 732 2488 in
745 2431 882 2506 terciam3
895 2431 999 2490 deinde
1012 2434 1087 2492 mul-
1103 2444 1128 2484 2⁵

562 2518 773 2596 tiplicabimus,
797 2519 876 2594 quod
893 2521 1039 2595 provenit,
1056 2523 1088 2580 in

562 2610 736 2668 consumet
763 2608 924 2684 accipimus
952 2610 1015 2668 eius
1042 2629 1089 2669 ra-

75 2700 177 2758 dicem.
224 2700 264 2758 Et
288 2699 426 2758 similiter
448 2698 505 2757 erit
528 2717 612 2758 omne
635 2697 719 2774 illud,
742 2697 824 2773 quod
847 2717 881 2755 ex
903 2699 959 2758 hcc
981 2719 1088 2776 genere

76 2790 150 2847 scire
173 2789 364 2848 voluerimus
402 2786 531 2864 Signabo
554 2787 656 2863 itaque
679 2787 798 2863 lineam,
822 2805 911 2863 supra
934 2807 1024 2863 quam
1043 2791 1088 2847 est

75 2880 128 2953 ab,
157 2898 214 2954 que
243 2878 283 2938 sit
308 2877 395 2936 radix
421 2875 531 2952 viginti
558 2875 701 2953 quinque,
730 2880 761 2935 et
787 2876 970 2935 constituam
998 2896 1086 2952 supra
1100 2884 1127 2928 ³0

73 2970 217 3042 punctam
236 2986 256 3026 a
273 2966 384 3025 lineam
402 2964 646 3041 orthogonaliter,
663 2985 721 3040 que
740 2965 780 3024 sit
798 2965 913 3040 equalis
932 2965 1087 3025 medietati

127 3135 677 3332 guonem-merc
693 3133 1084 3225 (uero-(au)

74 3288 106 3306 =
122 3267 137 3313 2
177 3263 199 3315 b.

127 3399 153 3462 a)
178 3371 304 3481 ξγᾱε
320 3356 400 3480 V}
425 3380 517 3476 {th
531 3420 565 3439 =
580 3380 641 3484 γξὲ
655 3418 688 3438 =
701 3378 823 3484 pse}-
839 3392 885 3482 ag.
922 3397 976 3452 Hic
998 3397 1085 3453 intro-

78 3508 173 3563 ductio
194 3508 332 3564 secundae
350 3509 439 3579 partis
458 3507 651 3563 commentarii
669 3508 753 3562 finem
767 3507 867 3586 habet.
882 3593 940 3647 W
