2408 3848
121 153 287 207 ANARITII
306 151 562 207 ΟΟΜΜΕΝΤΑΕΠ
580 151 630 206 AD
649 150 834 205 EUCLIDEM
851 151 918 205 LIB.
933 151 979 206 VI.
1022 152 1087 217 llil

7 335 16 381 ’.
74 321 253 398 Differentia
276 325 384 396 autem,
408 341 466 398 que
489 323 534 380 est
555 319 634 379 inter
657 319 767 378 similes
791 322 821 378 et
839 320 1011 396 alternatae,
1034 322 1088 380 heo

76 415 135 487 esi,
163 411 243 487 quod
270 411 403 470 omnium
431 412 556 468 duarum
583 409 747 487 figurarum
775 408 918 467 similium
940 411 1087 469 rectiline-

73 521 176 575 um,
203 500 230 558 si
255 499 287 556 in
313 519 373 558 una
399 500 490 558 fuerit
517 499 704 572 antecedens,
731 497 764 555 in
791 498 886 556 altera
909 498 965 556 erit
988 519 1087 558 conse-

72 609 178 666 quens,
201 609 297 664 neque
319 588 351 646 in
375 607 417 663 ea,
440 588 472 646 in
495 608 554 663 qua
577 591 622 646 esi
644 587 827 661 antecedens,
849 586 1003 646 invenitur
1021 607 1088 648 con-

73 696 215 754 sequens,
242 697 337 752 neque
364 677 396 734 in
424 696 472 752 ea,
498 677 531 734 in
558 695 619 752 qua
647 679 692 734 est
718 694 911 751 consequens,
938 676 1088 735 invenitur
1115 685 1129 727 5

76 767 261 826 antecedens.
306 766 462 824 Alternate
485 784 554 824 vero
579 767 657 839 sunt,
679 765 711 822 in
736 784 862 840 quarum
884 784 953 840 una,
977 765 1089 824 scilieet

74 856 188 932 prima,
214 854 366 914 invenitur
388 855 576 929 antecedens,
603 857 667 912 tum
690 848 763 932 (in)
786 854 916 912 secunda
938 854 1089 913 invenitur

75 963 269 1020 consequens3
299 943 403 1001 deinde
430 944 462 1002 in
490 943 618 1002 secunda
645 937 816 1020 <invenitur
839 939 1035 1021 antecedens>
1058 947 1089 1002 et

74 1034 107 1092 in
129 1033 227 1109 prima
249 1033 400 1091 invenitur
423 1050 615 1108 consequens,
640 1051 736 1106 neque
760 1031 800 1089 sit
817 1032 909 1094 ,unius
931 1032 976 1090 rei
997 1033 1087 1091 inter-

74 1122 195 1198 positio,
219 1122 311 1181 donec
335 1122 434 1181 omnia
457 1121 660 1196 compleantur
682 1121 786 1178 latera.
1103 1133 1129 1170 ιο

164 1209 296 1270 Altitudo
331 1213 497 1284 taurorum
534 1215 575 1269 est
604 1210 858 1283 perpendicularis
889 1211 1035 1283 producta
1070 1230 1089 1270 a

74 1302 240 1359 smmm'tate
266 1318 356 1373 usquc
382 1302 422 1359 acl
445 1302 545 1361 basim.
569 1331 611 1340 -
635 1299 732 1357 Linea
754 1302 833 1356 recta
856 1301 910 1356 erit
930 1301 1090 1359 secundnm

69 1391 288 1463 proportionem
319 1382 488 1466 <labentem
517 1383 664 1466 mulium>
693 1392 719 1446 et
745 1389 802 1446 cluo
831 1391 957 1446 extrema
984 1391 1088 1465 diuisa,

73 1496 142 1536 cnm
164 1479 255 1550 fuerit
270 1481 421 1552 proportio
445 1481 531 1537 totius
554 1479 627 1536 linee
649 1478 689 1535 ad
711 1478 851 1535 maiorem
872 1479 920 1535 sui
938 1480 1089 1536 sectionem

72 1569 151 1626 siout
177 1569 327 1640 proportio
354 1570 476 1627 maioris
503 1569 635 1626 sectionis
663 1568 724 1624 eius
752 1567 792 1624 ad
818 1567 913 1638 ipsius
939 1569 1128 1624 minorem.15

663 1655 730 1712 Duo
764 1654 923 1729 elementa,
955 1675 1012 1730 que
1045 1673 1088 1713 se·

593 1747 735 1820 quuntur,
759 1743 830 1819 quia
847 1744 921 1801 bene
940 1744 1089 1803 translata

592 1837 661 1893 sunt
671 1834 704 1890 in
714 1834 865 1908 Euenum,
879 1833 1055 1908 pretermisi.
1063 1826 1086 1910 ¹)

667 1922 810 2000 Figura
848 1925 986 1997 quarte
1024 1924 1088 1981 ad·

518 1977 540 2013 a
593 2004 722 2088 ditio.²)
1102 2021 1128 2060 20

665 2101 721 2158 Est
752 2100 905 2174 possibile,
937 2103 972 2159 ut
998 2101 1088 2159 huius

591 2188 684 2265 figure
722 2188 880 2263 descriptio
916 2189 984 2264 fiat,
1023 2209 1090 2248 cum

592 2278 722 2354 angulus
749 2279 847 2335 rectus
869 2278 962 2336 fuerit
990 2279 1022 2336 in
1046 2298 1089 2353 ea,

593 2366 752 2424 secundam
764 2367 843 2423 huno
856 2367 986 2425 modum.
1017 2368 1088 2425 Pro-

591 2456 710 2513 traham
740 2454 843 2529 itaque
868 2472 904 2528 ep
934 2474 1027 2531 usque
1051 2456 1089 2514 ad
1103 2462 1129 2503 2⁵

592 2546 609 2602 b
644 2544 682 2601 ad
717 2543 937 2619 rectitudinem,
973 2548 1002 2602 et
1037 2565 1089 2620 po-

511 2618 538 2668 'b
591 2653 676 2708 nam,
703 2635 738 2690 ut
764 2634 805 2706 pb
834 2632 873 2691 sit
900 2634 1015 2708 equalis
1037 2635 1090 2690 uni

628 2722 758 2780 laterum
789 2721 946 2798 trianguli,
978 2724 1058 2798 quod

75 2809 217 2885 refertsi,
241 2810 353 2869 scilieet
368 2813 419 2886 pb,
443 2813 472 2868 et
491 2811 530 2869 sit
548 2812 676 2888 angulus
696 2812 756 2884 epd
774 2813 880 2884 recino,
905 2813 935 2868 et
953 2811 1090 2870 similiter

78 2900 208 2976 angulus
232 2902 300 2974 pla
326 2902 431 2958 rectus.
477 2901 518 2958 Et
546 2902 617 2976 quia
645 2899 812 2959 coniunctio
841 2899 968 2957 duorum
996 2921 1088 2978 angu-
1103 2910 1129 2949 ³⁰

148 3039 172 3087 4.
187 3032 342 3088 inveniunt.
355 3066 386 3073 -
399 3039 439 3088 12.
451 3036 541 3088 erunt.
552 3066 585 3074 -
596 3039 708 3088 21-22.
720 3033 772 3087 hec
781 3033 876 3102 figure.
887 3066 922 3073 -
933 3040 975 3089 29.
987 3033 1088 3089 reffert.

146 3177 171 3245 1)
182 3175 295 3230 Praeter
305 3175 433 3243 quintam
442 3174 530 3245 igitur
539 3174 730 3229 definitionem
740 3175 872 3230 editionis
882 3175 1089 3246 Heibergianae

78 3246 227 3300 Aumrrrus
247 3247 361 3316 insuper
379 3265 464 3301 unam
482 3246 570 3300 talem
588 3245 690 3315 legisse
708 3247 827 3302 videtur.

150 3322 176 3385 2)
195 3319 330 3372 Eccumas
345 3319 391 3386 VI,
406 3325 435 3374 4:
467 3319 594 3373 Omnium
613 3320 728 3372 duorum
746 3319 957 3389 trianpulorum,
976 3336 1089 3388 quornm

79 3391 177 3459 eupuli
194 3393 278 3444 unius
296 3391 407 3460 anpulis
425 3392 539 3444 alterins
556 3395 621 3443 smil
638 3391 753 3458 equales,
772 3391 858 3444 latera
876 3407 956 3459 equos
974 3391 1091 3461 anpulos

77 3462 251 3528 respicientia
278 3468 344 3517 sunt
367 3461 595 3530 proportionalia.
620 3492 654 3499 —
677 3459 794 3513 Additio
821 3460 906 3529 plane
932 3461 1033 3515 debilis
1062 3463 1091 3514 et

78 3547 170 3600 paene
189 3532 288 3586 eadem
306 3534 350 3586 est
369 3547 401 3585 ae
421 3530 623 3586 demonstratio
641 3531 778 3586 Eucmms.
883 3584 886 3590 ,

133 3631 220 3672 comm.
235 3632 265 3671 sd
280 3630 370 3671 Eueni.
385 3631 419 3671 ed.
434 3630 546 3674 Guttae.
910 3626 953 3672 Ὠ
