2408 3848
112 159 179 224 226
401 158 567 212 rumim
585 156 841 237 communias

109 329 221 405 viginti
244 327 330 386 bases
353 327 534 405 triangulas,
561 327 645 385 cuius
672 327 752 384 latus
780 328 825 384 est
851 326 931 384 linea
957 327 1066 400 minor,
1095 330 1134 385 et,

113 419 205 476 etiam
232 435 321 475 causa
348 417 444 494 figure
471 415 609 475 habentis
636 415 791 475 duodecim
817 414 903 473 bases
930 417 1128 491 pentagonaS,

113 507 199 565 cuius
221 506 300 565 latus
324 507 370 564 est
392 505 551 563 residuum
597 505 757 563 Eocnmns
781 504 885 578 etiam,
913 504 1057 579 quicquid
1080 524 1129 562 re·

111 595 193 669 tulit,
216 589 318 672 (uon)
342 594 379 653 ob
403 594 485 652 aliud
506 594 624 669 retulit,
652 593 711 651 nisi
734 593 914 668 ostenderet,
938 593 1018 667 quod
1040 593 1128 669 illud,

84 684 193 760 aquod
217 686 263 742 est
285 684 317 741 in
339 683 416 741 libro
440 684 504 741 eius
532 685 563 740 et
589 684 622 740 in
644 684 710 740 tota
733 682 846 740 decima
869 685 968 757 parte,
996 701 1055 741 non
1079 686 1127 740 est

110 774 170 836 nisi
183 771 360 832 antecedens
374 773 523 830 linearum
536 771 665 829 duarum
678 770 851 847 figurarum,
865 771 978 829 scilicet
987 771 1127 829 habentis

110 863 220 940 viginti
241 861 327 920 bases
345 861 513 938 triangulas
537 863 567 918 et
584 860 722 918 habentis
741 859 897 919 duodecim
915 859 1000 918 bases
1019 863 1125 935 penta-

114 943 243 1029 gonas.¹)
552 1008 561 1022 ‚

201 1038 350 1097 Additio
373 1039 493 1115 figure
516 1041 642 1097 octavo
666 1028 835 1112 decime.²)

71 1144 99 1183 ro
203 1126 235 1185 Si
253 1129 319 1203 quis
338 1129 432 1204 igitur
449 1127 570 1185 dixerit:
592 1125 772 1185 Possibile
796 1128 862 1200 est,
885 1129 925 1184 ut
944 1126 1131 1201 quadrato

112 1217 209 1276 facto
239 1235 279 1274 ex
300 1217 397 1275 linea
420 1215 567 1275 modioli
593 1235 662 1274 non
689 1215 738 1273 sit
761 1215 981 1290 superficies
1003 1219 1126 1274 recto-

113 1326 188 1364 rum
212 1306 424 1382 angulorum
447 1305 588 1380 equalis
607 1303 745 1362 duabus
769 1304 877 1362 lineis
901 1305 937 1361 in
956 1304 1127 1380 potentia

114 1390 297 1474 (tantum)
319 1393 564 1453 rationalibus
588 1395 772 1468 contenta,
801 1391 911 1467 dicam,
941 1393 1021 1468 quod
1044 1393 1130 1452 linea

112 1484 249 1544 medialis
279 1486 324 1543 est
351 1483 479 1542 diffinita
508 1502 542 1541 ex
569 1483 637 1557 hoc,
669 1482 750 1557 quod
777 1481 843 1556 ipsa
871 1484 916 1540 cst
943 1482 1036 1556 linea,
1066 1502 1127 1557 que

71 1587 98 1628 ιε
111 1576 211 1649 potest
233 1591 323 1648 supra
346 1572 531 1648 superficiem
548 1574 696 1630 rectorum
715 1571 894 1647 angulorum
913 1574 1085 1629 contentam
1104 1591 1125 1629 a

113 1663 229 1721 duabus
255 1663 341 1719 lineis
367 1660 563 1719 rationalibus
591 1661 623 1716 in
645 1660 780 1734 potentia
807 1661 939 1733 tantum,
967 1663 1019 1718 aut
1042 1661 1125 1735 quod

112 1755 238 1828 utreque
266 1754 335 1808 sunt
362 1751 418 1824 ita,
451 1752 506 1806 aut
528 1747 609 1823 quod
631 1766 692 1805 una
720 1766 823 1805 earum
846 1748 885 1806 sit
908 1749 1065 1807 rationalis
1089 1751 1123 1806 in

112 1841 248 1915 potentia
269 1841 390 1896 tantum
413 1837 556 1894 etaltera
579 1837 610 1893 in
628 1836 822 1913 longitudine.
860 1835 922 1905 Qus
942 1843 1043 1895 autem
1063 1857 1127 1896 non

113 1931 159 1986 est
185 1930 242 2000 ita,
274 1930 320 1984 est
346 1925 516 1983 indiffinita.
570 1925 729 1984 Eucmnns
756 1945 816 1985 non
843 1925 978 2002 loquitur
1004 1928 1063 1984 nisi
1087 1927 1125 1985 de

78 2032 106 2072 so
117 2015 339 2093 quantitatibus
363 2013 506 2072 diffinitis.

204 2103 276 2172 Quo
295 2106 507 2178 sequuntur,
526 2103 644 2180 figure
663 2095 865 2179 vicesime⁸)
883 2106 965 2162 sunt
980 2123 1131 2164 annexa,

202 2192 292 2252 Volo
330 2192 535 2268 ostendere,
571 2192 750 2267 qualiter
784 2191 1023 2251 inveniantur
1060 2194 1129 2253 due

113 2281 208 2340 linee
238 2282 274 2340 in
305 2281 473 2357 potentia
504 2276 697 2359 <tantum>
728 2279 944 2357 rationales,
976 2301 1128 2357 quarum

114 2371 260 2448 longior
296 2372 345 2429 sit
380 2373 506 2446 potens
543 2389 653 2446 supra
684 2370 885 2428 breviorem
918 2370 1128 2430 secundum

74 2475 101 2516 2⁶
116 2463 346 2538 augmentum
369 2460 540 2535 quadrati
562 2460 656 2517 lines
681 2458 977 2518 communicantis
1001 2459 1072 2518 sibi
1091 2460 1128 2518 in

115 2541 391 2630 longitudine.4)

205 2637 252 2696 Sit
277 2638 381 2713 itaque
408 2655 549 2695 numerus
578 2637 619 2695 ab
651 2635 827 2711 quadratus,
860 2655 878 2694 a
906 2656 964 2712 quo
993 2636 1128 2696 dividam

115 2747 272 2785 numerum
291 2728 342 2801 by,
366 2726 419 2801 qui
442 2726 533 2784 etiam
552 2726 591 2784 sit
609 2725 783 2800 quadratus,
806 2724 857 2784 sed
874 2726 1006 2801 reliquus
1025 2747 1129 2785 nume-

87 2939 89 2944 ·
190 2919 231 2968 15.
251 2915 392 2967 contenta.

191 3110 215 3188 1)
242 3107 315 3160 Hinc
337 3109 426 3176 patet,
453 3107 607 3162 Arasrrmu
635 3124 746 3177 quoque
774 3107 846 3160 illud
869 3107 1005 3161 iudicium
1032 3123 1129 3161 verum

119 3194 272 3248 acceprssc,
295 3180 327 3232 ut
345 3178 481 3231 Eucnmus
504 3182 596 3233 totum
619 3196 688 3248 opus
711 3196 857 3248 corporum
875 3178 998 3247 quinque
1017 3179 1129 3249 regula-

117 3249 191 3303 rium
209 3265 295 3303 causa
313 3249 507 3318 composuerit.

189 3321 215 3389 2)
235 3319 367 3374 Conscras
384 3323 482 3374 notam
500 3327 516 3374 2
534 3339 561 3390 p.
577 3327 637 3375 223.

127 3432 129 3436 Α
192 3395 218 3460 3)
238 3390 371 3445 Conferas
389 3394 487 3445 notam
504 3399 522 3446 4
540 3411 566 3462 p.
582 3398 642 3448 223.

188 3465 216 3534 4)
234 3461 286 3516 Εεὴ
303 3461 458 3531 propositio
479 3469 511 3516 17
531 3463 651 3518 Causam
670 3464 878 3534 (Humnss11X‚
898 3467 956 3536 29),
976 3463 1024 3519 sed
1043 3463 1130 3534 longe

118 3534 203 3589 aliter
222 3533 437 3588 demonstratur.
