2408 3848
113 148 179 212 272
400 148 566 202 arsami
584 147 842 203 oouuauriiui

112 316 243 374 radicem
278 316 386 376 radicis
423 315 579 375 duodecim
614 320 645 375 et
681 315 811 375 radicem
846 317 955 376 radicis
992 321 1136 397 ternarii,

114 405 342 483 aggregabimus
366 404 519 463 duodecim
539 409 569 464 et
586 409 656 479 tres,
676 408 706 463 et
722 405 795 463 fient
813 406 996 481 quindecim,
1023 407 1135 467 deinde

114 494 379 569 multiplicabimus
407 493 563 552 duodecim
590 489 663 573 (et)
690 497 764 568 treS,
792 497 822 553 et
850 494 891 553 sie
919 495 976 553 erit
998 497 1135 575 triginta

114 602 177 658 sex,
201 582 280 658 quod
302 582 566 657 multiplicabimus
589 584 621 641 in
644 585 787 659 quatuor,
813 583 955 659 quoniam
977 586 1134 646 voluimus

86 672 212 748 sipsum
232 671 364 747 duplare,
387 675 417 730 et
430 672 610 746 provenient
629 672 968 750 centumquadraginta
987 679 1134 752 quatuor,

114 761 196 820 cuius
219 760 305 818 radix
327 763 373 819 est
395 761 563 838 duodecim,
589 781 681 838 quam
703 761 812 819 addam
835 780 926 837 supra
948 762 1134 838 quindecim,

115 852 145 907 et
166 849 238 908 fient
260 849 369 927 viginti
392 853 512 925 septem.
556 852 670 910 Deinde
693 849 898 925 multiplicabo
921 850 1076 910 binarium
1100 854 1134 912 in

113 938 264 996 binarium
287 942 317 997 et
339 939 402 997 eius
427 958 575 998 summam
595 940 627 998 in
651 943 789 1015 quatuor,
813 942 842 997 et
865 943 952 998 erunt
971 940 1134 1018 sexdecim,

114 1047 203 1102 quem
224 1027 429 1103 multiplicabo
449 1029 481 1086 in
499 1029 625 1106 triginta
644 1049 703 1104 sex,
726 1030 756 1085 et
774 1028 949 1103 provenient
969 1029 1133 1108 quingenti

75 1129 101 1168 10
115 1119 146 1175 et
168 1117 358 1194 septuaginta
381 1136 439 1193 sex,
463 1119 547 1176 cuius
569 1118 656 1176 radix
672 1113 760 1195 <est>
778 1116 886 1192 viginti
904 1119 1046 1193 quatuor,
1072 1140 1133 1196 que

115 1208 160 1265 est
183 1205 241 1264 duo
265 1207 479 1282 supplementa.
520 1207 619 1266 Erunt
641 1226 710 1284 ergo
733 1205 819 1264 radix
840 1205 949 1265 radicis
970 1206 1133 1268 duodecim

115 1298 145 1353 et
180 1294 265 1352 radix
300 1295 408 1355 radicis
440 1296 565 1354 ternarii
596 1298 747 1371 assumpte
781 1293 867 1352 radix
903 1299 1061 1370 assumpta
1096 1318 1134 1356 ex

114 1383 213 1442 radice
244 1384 353 1461 viginti
384 1387 498 1460 septem
529 1387 560 1444 et
592 1405 627 1444 ex
658 1385 757 1443 radice
784 1382 893 1459 viginti
920 1387 1056 1459 quatuor
1085 1406 1132 1447 as-

115 1473 250 1549 sumptis.
293 1472 339 1532 sii
361 1477 392 1532 et
413 1473 493 1532 linea
516 1476 557 1533 ab
580 1475 665 1533 radix
683 1473 791 1533 radicis
811 1472 974 1548 duodecim,
999 1477 1030 1532 et
1049 1475 1133 1534 linea

75 1572 101 1613 15
115 1564 155 1637 by
181 1563 266 1621 radix
292 1563 400 1622 radicis
428 1563 553 1621 ternarii
581 1563 608 1620 ei
631 1564 801 1638 coniuncta,
830 1580 956 1636 quarum
980 1580 1134 1623 summam

114 1653 182 1711 volo
210 1652 292 1710 scire.
341 1651 462 1710 Faciam
487 1646 491 1728 Ι
515 1651 620 1727 itaque
647 1671 738 1727 supra
760 1671 802 1726 op
825 1650 1008 1725 quadratum
1032 1655 1132 1729 adep,
1151 1662 1179 1710 57

115 1744 145 1799 et
176 1740 351 1815 protraham
379 1740 560 1798 diametrum
587 1741 694 1816 ipsius,
728 1760 785 1816 que

114 1829 154 1887 sit
165 1831 218 1903 pel,
235 1831 265 1886 et
283 1828 445 1902 producam
462 1828 573 1886 lineam
587 1831 626 1909 bc
650 1829 778 1904 equidis-
845 1821 1100 1913 ffflbfflm
1109 1861 1133 1894 a,

113 1920 228 1975 tantem
254 1915 331 1974 lineo
359 1919 415 1991 ad,
447 1918 477 1975 et
505 1919 657 1994 complebo
684 1917 779 1995 figure

73 2018 101 2057 io
114 2004 349 2080 descriptionem.
373 2005 585 2080 Multiplicatio
599 2008 693 2084 igitur
700 2008 778 2067 linee
882 1883 1101 2020 Ἰ.

114 2113 156 2168 ap
186 2093 218 2150 in
250 2113 280 2153 se
316 2094 413 2168 ipsam
449 2098 495 2154 est
526 2097 642 2171 equalis
678 2098 777 2155 multi-

113 2182 268 2258 plicationi
299 2182 377 2242 linee
414 2186 455 2243 ab
486 2184 519 2242 in
548 2203 579 2244 se
615 2186 711 2263 ipsam
748 2194 779 2248 et
1109 2203 1110 2206 ’

113 2271 359 2347 multiplicationi
395 2274 436 2347 by
476 2274 507 2332 in
543 2294 574 2334 se
615 2276 711 2352 ipsam
748 2282 779 2337 et
852 2307 867 2340 e
1105 2294 1132 2342 d

113 2361 357 2436 multiplicationi
383 2362 461 2421 iiie
494 2364 538 2422 ai
568 2364 600 2422 ii
633 2367 675 2439 oq
707 2367 778 2426 iui—
933 2327 951 2358 ²⁹

72 2460 98 2502 aa
112 2449 167 2509 bus
198 2450 322 2509 vicibus.
386 2450 443 2510 Sed
470 2453 682 2527 multiplicatio
713 2456 790 2516 linee
827 2461 873 2519 cb
905 2461 936 2519 in
969 2479 1000 2519 se
1028 2462 1133 2537 ipsam

113 2544 158 2599 est
188 2539 272 2598 radix
304 2540 471 2616 duodecim,
504 2561 561 2617 que
591 2546 636 2600 est
667 2546 835 2619 superficies
867 2551 919 2623 da
956 2553 987 2608 et
1023 2553 1131 2612 multi-

111 2629 233 2704 plicatio
261 2629 338 2687 linee
363 2630 405 2703 pb
431 2631 463 2688 in
486 2648 516 2688 se
539 2630 636 2706 ipsam
658 2636 704 2691 est
726 2637 811 2695 radix
833 2638 969 2714 ternarii,
998 2659 1058 2714 que
1085 2645 1132 2701 est

112 2717 279 2793 superficies
304 2736 352 2791 pr.
401 2717 606 2796 Aggregemus
635 2740 697 2797 eas,
730 2727 761 2783 et
789 2730 878 2785 erunt
904 2726 989 2786 radix
1017 2728 1133 2806 viginti

112 2810 237 2883 septem,
265 2827 322 2883 que
350 2811 395 2866 est
422 2808 478 2867 due
502 2809 670 2884 superficies
697 2813 737 2872 dr
765 2818 795 2873 et
817 2833 863 2889 ap.
909 2816 1131 2892 Multiplicatio

70 2908 98 2948 ao
112 2899 214 2954 autem
239 2896 317 2954 linee
345 2898 386 2955 ab
413 2897 444 2954 in
473 2899 512 2970 bp
538 2899 629 2957 semel
656 2903 702 2958 est
724 2904 895 2979 superficies
919 2923 971 2980 aa,
999 2925 1057 2980 que
1084 2912 1132 2968 est

111 2985 196 3044 radix
223 3004 285 3061 sex,
317 2985 400 3044 cuius
428 2986 639 3062 multiplicatio
667 2988 699 3046 in
722 3010 788 3049 earn
814 2993 924 3052 iterum
952 2996 997 3052 est
1025 3013 1131 3070 super·

110 3074 191 3132 ficies
223 3092 269 3150 ea,
301 3094 358 3150 que
387 3079 432 3134 est
462 3075 640 3153 radixasex,
671 3081 701 3137 et
727 3079 791 3155 ipse
819 3085 889 3140 sunt
916 3082 974 3140 duo
1007 3086 1132 3160 supple-

110 3166 220 3222 menta.
269 3163 447 3240 Aggregabo
471 3184 540 3241 ergo
564 3184 626 3241 eas,
650 3169 681 3225 et
703 3172 792 3228 erunt
813 3170 898 3228 radix
920 3170 1030 3248 viginti
1053 3192 1132 3248 qua-

111 3254 187 3311 tuor.
237 3252 314 3310 Tota
340 3251 433 3329 igitur
455 3254 623 3330 superficies
646 3274 685 3314 ac
708 3261 753 3316 est
775 3259 860 3317 radix
882 3260 989 3338 viginti
1012 3263 1134 3336 septem

71 3350 97 3392 ³⁵
111 3343 142 3398 ot
172 3340 258 3398 radix
288 3341 397 3418 viginti
430 3347 559 3418 quatuor
591 3345 760 3422 coniuncte,
795 3342 902 3426 <cuius
937 3345 1044 3428 radix>
1084 3357 1134 3413 est

182 3533 206 3582 4.
227 3527 468 3597 ecquonam-
488 3537 529 3586 10.
548 3530 764 3603 quinquaginta.
784 3565 817 3574 -
838 3540 878 3590 15.
899 3534 958 3590 eiua
976 3535 1086 3594 iuncta.
