2408 3848
393 173 442 227 AD
461 171 647 227 EUCLIDEM
666 171 733 226 LIB.
748 171 820 226 VIII.
1049 171 1112 235 195

101 360 227 417 quarum
246 360 305 400 una
320 345 365 400 est
379 341 444 400 hec:
466 340 548 400 (lum
561 343 701 399 fuerint
715 341 781 398 duo
795 341 946 414 numeri,
966 359 1113 415 quorum

100 433 205 488 unius
237 431 280 488 ad
312 431 465 488 alterum
497 432 685 505 proportio
718 431 765 488 sit
797 430 892 488 sicut
923 431 1113 504 proportio

100 520 239 577 numeri
276 519 448 595 quadrati
485 518 527 576 ad
562 538 743 576 numerum
781 518 1006 594 quadratum,
1042 519 1113 594 ipsi

103 611 206 667 erunt
225 609 479 683 superficiales
499 608 644 665 similes.
681 608 785 666 Altera
803 609 859 666 est:
880 606 962 666 Cum
976 608 1114 664 fuerint

102 698 168 756 duo
196 699 348 772 numeri,
376 715 523 772 quorum
550 697 654 754 unius
682 697 725 753 ad
748 697 901 754 alterum
924 697 1112 772 proportio
1141 712 1153 751 5

102 788 150 845 sit
173 788 266 844 sicut
289 785 476 861 proportio
496 784 576 842 cubi
595 785 637 842 ad
656 785 791 858 cubum,
814 787 886 861 ipsi
906 789 987 844 sunt
1006 785 1114 843 solidi

101 876 247 933 similes.
293 874 408 932 Harum
437 876 537 931 autem
564 873 701 949 probatio
729 873 839 949 facilis,
867 876 1008 950 quoniam
1035 876 1114 932 inter

103 982 203 1022 omncs
227 964 300 1021 duos
323 981 460 1021 numeros
484 962 644 1038 quadratos
669 961 749 1020 cadIt
770 982 909 1022 numerus
932 967 961 1021 et
980 965 1113 1022 continu·

101 1056 169 1110 atur
205 1051 480 1127 proportionaliter,
518 1069 588 1128 ergo
624 1053 702 1109 inter
734 1051 807 1109 duos
839 1053 1000 1126 quadratos
1033 1052 1113 1110 cadit

100 1160 239 1199 numerus
263 1159 352 1215 unus3
380 1143 409 1199 et
432 1141 510 1198 inter
533 1140 605 1198 duos
630 1139 719 1198 cubos
743 1139 852 1198 cadunt
874 1135 974 1218 <duo>
996 1143 1110 1199 numeri
1127 1156 1152 1195 ro

102 1233 131 1286 et
164 1231 374 1286 continuantur
403 1229 673 1305 proportionaliter.
724 1228 822 1306 Igitur
848 1231 1013 1286 numeratio
1041 1231 1113 1304 eius,

102 1318 180 1391 quod
204 1317 284 1375 cadit
305 1319 384 1375 inter
407 1336 456 1376 eos
480 1337 515 1376 ex
532 1319 672 1392 numeriS,
696 1320 740 1375 est
759 1317 835 1375 stcut
855 1320 1021 1376 numeratio
1041 1320 1113 1392 eius,

43 1414 81 1462 40
101 1406 180 1480 quod
200 1401 204 1484 Ι
226 1406 305 1464 cadit
329 1408 407 1464 inter
430 1425 530 1465 omnes
553 1406 627 1465 duos
649 1424 786 1464 numeros
810 1405 968 1464 secundum
990 1425 1112 1481 propor-

101 1497 213 1552 tionem
245 1496 389 1570 ipsorum:
422 1514 492 1573 ergo
525 1496 605 1554 cadIt
633 1496 711 1552 inter
739 1513 839 1552 omnes
867 1495 940 1552 duos
967 1514 1113 1569 numeroS,

101 1585 152 1658 qui
189 1587 258 1642 sunt
290 1584 448 1642 secundum
480 1585 702 1660 proportionem
734 1584 858 1650 duorum
891 1582 1112 1658 quadratorum,
1127 1598 1152 1638 15

101 1691 239 1731 numerus
265 1692 354 1748 unus,
383 1677 413 1731 et
440 1675 518 1731 inter
546 1673 618 1732 duos
644 1691 795 1747 numeros,
823 1673 875 1748 qui
899 1675 968 1730 sunt
990 1673 1022 1729 in
1045 1690 1110 1747 pro-

100 1763 235 1836 portione
264 1763 389 1820 duorum
416 1781 605 1821 numerorum
632 1762 814 1836 cubicorum,
842 1761 900 1819 duo
928 1760 1055 1835 numeri,
1083 1765 1113 1818 et

101 1853 311 1909 continuantur
338 1851 613 1928 proportionaliter,
646 1855 676 1909 et
706 1852 763 1909 duo
795 1851 923 1925 numeri,
960 1851 1011 1926 qui
1045 1854 1113 1908 sunt

101 1940 260 1997 secundum
282 1942 504 2016 proportionem
527 1941 653 1999 duorum
675 1959 865 1999 numerorum
890 1940 1111 2016 quadratomm,

101 2031 171 2084 sunt
193 2027 392 2102 superficiales
414 2030 538 2103 similes3
563 2033 593 2087 et
616 2031 673 2088 duo
696 2031 819 2104 numeri,
844 2030 894 2105 qui
918 2032 986 2087 sunt
1009 2048 1109 2088 secun-
1125 2044 1151 2082 no

101 2116 172 2172 dum
195 2110 456 2195 (proportionem)
475 2118 603 2176 duorum
625 2138 817 2177 numerorum
840 2117 1018 2193 cubicorum,
1042 2122 1112 2176 sunt

100 2203 187 2263 solidi
211 2198 372 2283 (similes),
396 2209 425 2264 et
447 2206 523 2264 illud
547 2210 600 2281 est,
624 2207 704 2281 quod
728 2207 928 2266 demonstrare
952 2207 1110 2265 voluimus.

172 2397 257 2446 2-3.
281 2390 424 2460 proportio
448 2391 530 2444 unius
554 2391 693 2459 quadrati.
722 2424 756 2432 —
785 2399 809 2446 4.
834 2391 925 2446 latera
944 2395 993 2446 est.
1014 2425 1048 2432 —
1069 2399 1109 2446 15.

100 2464 175 2531 quod
195 2466 267 2518 sunt.
857 2496 859 2500 »

100 2643 219 2696 ultratus
230 2642 293 2696 cubi
302 2640 339 2694 ort
349 2640 466 2708 aliquem
475 2641 580 2695 cabum.
599 2640 675 2694 Haeo
685 2640 757 2694 duae
767 2639 972 2710 propositiones
981 2641 1110 2708 Hnnoms,

101 2712 226 2778 ultimae,
245 2712 275 2765 in
294 2710 396 2779 quibus
415 2710 475 2765 eius
489 2711 595 2766 mentio
609 2712 649 2779 fit,
669 2727 816 2766 conversas
830 2711 968 2780 praebent
981 2711 1064 2766 huius
1081 2715 1110 2765 ct

100 2783 253 2837 inmediate
272 2781 464 2837 antecedentis
483 2781 683 2853 propositionis
702 2783 839 2837 Eucnmrs.
