2408 3848
483 129 765 185 PROLEGOMENA.
1069 129 1134 184 XIII

122 292 235 346 buntur.
276 290 309 343 In
331 289 406 344 notis
429 289 517 360 igitur
539 289 698 344 addidimus
722 292 831 344 textum
849 291 1072 361 propositionum
1091 308 1132 345 se·

122 370 245 424 cundum
271 369 422 424 lectionem
450 369 582 424 editionis
610 370 735 423 Enniam
757 371 887 425 ernonr
912 371 1039 426 Venetiis
1065 378 1132 426 1482

122 450 257 505 versionis
268 450 388 505 (lamam
396 452 415 520 ¹)
430 467 578 519 quaecum
592 453 621 504 et
635 449 697 520 ipsa
712 467 747 505 ex
755 451 833 505 fonte
846 451 967 506 Arabico
978 451 1132 520 defluxerit,

121 532 222 586 melius
242 548 305 585 cum
323 531 448 585 versione
468 531 503 585 ab
522 530 705 584 Ars-Namrzro
726 531 855 586 adhibita
870 531 1043 586 consensisse
1057 529 1133 585 vide·

122 615 169 665 tur
187 628 273 680 quam
291 613 385 664 textus
404 610 526 664 Graecus
544 611 698 664 Humanum

195 691 263 745 Cum
287 691 379 744 adhuc
401 689 432 742 in
456 692 553 744 octavo
577 689 650 744 libro
675 690 747 744 duae
767 691 926 745 additiones
944 691 1065 744 Hraorus
1084 691 1134 744 ad-

122 771 257 839 ferantur,
273 770 487 824 commentarios
499 770 559 824 eius
573 787 661 838 usque
677 769 713 823 ad
727 770 800 823 hunc
814 769 917 823 librum
931 786 960 823 se
975 769 1133 824 extendisse

123 848 357 904 verisimillimum
369 848 486 904 videtur.
516 849 593 914 Quae
612 850 714 904 deinde
732 850 762 902 in
776 849 848 904 libro
862 866 936 904 nono
956 849 1028 903 etin
1042 849 1133 918 prima

123 932 204 1000 parte
229 928 331 983 decimi
353 929 485 999 leguntur
508 929 595 984 etiam
619 947 653 984 ex
675 930 752 984 fonte
775 929 880 984 Graeco
899 946 1028 984 manasse
1045 932 1133 999 patet.

124 1010 157 1063 In
175 1009 300 1063 secunda
318 1011 412 1062 autem
429 1012 510 1078 parte
534 1009 637 1064 decimi
654 1009 721 1064 libri
740 1010 831 1064 solum
849 1010 972 1063 Arabem
990 1009 1135 1080 sentimus,

125 1089 201 1157 quod
220 1091 248 1142 et
266 1089 356 1142 forma
375 1088 591 1143 elocutionis-
605 1091 649 1145 ut:
667 1091 693 1144 si
711 1092 776 1145 deus
793 1092 910 1146 coluerit
923 1123 956 1130 —
972 1093 1001 1144 et
1018 1107 1071 1143 usu
1085 1107 1135 1144 no·

125 1172 219 1223 tarum
232 1185 417 1237 numerorum,
435 1186 507 1237 quae
520 1169 660 1223 Arabicae
675 1169 814 1239 dicuntur,
834 1173 863 1224 et
877 1170 1009 1240 algebrae
1025 1169 1136 1224 eviden-

125 1247 234 1302 tissime
258 1249 476 1318 demonstratur‚
500 1251 533 1302 ut
555 1265 644 1318 paene
664 1249 760 1303 credas
785 1250 841 1304 duo
861 1252 992 1320 separata
1016 1267 1101 1320 opera
1119 1267 1136 1304 a

126 1327 274 1382 Garamas
294 1327 324 1382 in
341 1345 428 1382 unum
447 1346 515 1398 opus
535 1327 696 1382 consociata
722 1344 790 1383 esse.
827 1329 976 1383 Praeterea
994 1330 1048 1383 hoc
1067 1329 1139 1382 veri-

127 1407 245 1462 similius
273 1408 317 1478 fit,
347 1426 409 1462 cum
431 1408 462 1462 in
484 1408 538 1462 fine
560 1408 667 1478 primae
689 1407 779 1478 partis
802 1408 868 1462 libri
892 1409 994 1462 decimi
1017 1412 1046 1464 et
1068 1411 1135 1462 ante

126 1488 239 1542 initium
268 1489 406 1543 secundae
434 1490 506 1542 duae
533 1488 738 1558 propositiones
766 1487 833 1541 libri
860 1488 939 1558 noni,
968 1489 1083 1542 XIHma
1107 1491 1135 1543 et

126 1569 339 1638 XXXVHHma,
358 1568 388 1622 id
407 1571 450 1623 est
463 1568 573 1638 ultima,
588 1569 728 1624 addantur
741 1568 881 1640 genuinae
895 1568 1029 1622 versionis
1043 1568 1135 1622 Eucli-

127 1648 206 1716 deae,
220 1647 339 1702 fortasse
349 1648 462 1702 unicum
471 1649 661 1720 fragmentum
674 1646 915 1718 interpretationis
926 1647 1134 1701 Gherardianae

127 1728 265 1782 Eucnmrs.
302 1727 360 1780 Has
379 1727 449 1781 duas
467 1728 681 1798 propositiones,
700 1731 733 1782 ut
750 1729 794 1782 fas
813 1730 882 1798 erat,
900 1744 975 1782 nono
994 1726 1067 1780 libro
1085 1743 1135 1780 suo

128 1824 268 1876 quamque
287 1807 348 1861 loco
368 1807 470 1861 addere
487 1807 603 1877 placuit.

199 1886 276 1952 Quae
296 1888 333 1940 ad
350 1889 459 1940 textum
477 1887 581 1941 codicis
601 1888 732 1942 addenda
749 1887 921 1957 putavimus,
940 1887 1019 1940 uncis
1038 1885 1136 1940 fractis

129 1966 183 2039 <>
201 1966 373 2036 inclusimus,
392 1966 545 2020 reiicienda
563 1984 627 2022 vero
646 1967 725 2022 uncis
743 1967 888 2036 quadratis
909 1968 945 2039 []
964 1967 1137 2020 circumdata

129 2049 201 2102 sunt.
247 2047 319 2102 Unci
341 2046 454 2101 rotundi
477 2049 510 2117 ()
537 2046 609 2100 nihil
632 2048 711 2102 aliud
734 2049 799 2100 sunt
820 2046 877 2100 nisi
901 2045 1135 2116 interpunctionis

129 2126 223 2196 signa,
246 2142 337 2194 neque
356 2127 393 2180 ad
410 2143 469 2180 rem
487 2125 615 2181 criticam
632 2126 781 2196 pertinent.
818 2127 960 2195 Lacunas,
984 2144 1053 2194 quas
1073 2144 1137 2195 sup-

129 2206 206 2276 plere
233 2224 291 2261 non
316 2206 472 2275 potuimus,
500 2206 571 2261 serie
598 2209 765 2276 punctorum
882 2205 1137 2275 determinavimus,

130 2285 235 2339 lineola
253 2285 401 2357 verticuli!
421 2286 484 2340 finis
502 2286 670 2356 paginarum
688 2285 793 2340 codicis
813 2287 972 2340 adnotatur.
1009 2287 1041 2340 ln
1059 2285 1137 2340 varia

130 2365 251 2420 lectione
270 2382 377 2436 eorum,
405 2383 477 2435 quae
500 2365 579 2420 uncis
597 2366 773 2436 inclusimus,
803 2368 832 2420 et
853 2367 1018 2419 lacunarum
1035 2365 1137 2420 iterum

130 2445 302 2500 mentionem
324 2446 416 2500 facere
440 2462 695 2515 supervacanenum
716 2445 884 2515 putavimus.
921 2447 954 2499 In
977 2445 1137 2500 adnotatio·

130 2525 213 2579 nibus
231 2524 295 2579 loca
310 2525 413 2580 Puoour
432 2529 461 2580 et
479 2525 599 2581 aliorum
618 2526 654 2579 ad
672 2528 781 2580 textum
799 2526 975 2580 Arc-Numan
993 2526 1138 2580 declaran-

132 2605 199 2658 dum
216 2603 300 2659 utilia
317 2605 500 2660 laudavimus.

201 2686 234 2739 In
262 2702 313 2739 sua
339 2685 465 2741 versione
491 2687 653 2743 Garamans
681 2703 770 2757 paene
796 2705 940 2756 nunquam
968 2686 1137 2757 superlativo

130 2764 231 2832 utitur,
256 2766 306 2820 sed
324 2765 383 2820 solo
403 2767 592 2836 comparativo
616 2785 679 2822 cum
698 2783 780 2821 sensu
803 2767 973 2837 superlativi.
1010 2766 1139 2836 Exempli

131 2843 224 2914 gratia
242 2863 269 2914 p.
285 2850 314 2913 5,
332 2844 351 2900 l.
367 2851 400 2898 22
419 2844 551 2916 legimus:
580 2849 684 2904 beuter
701 2849 832 2902 dimensio
852 2865 902 2918 pro
922 2849 1078 2904 &murima
1096 2849 1137 2902 dt-

129 2925 240 2994 mecsc‘c,
260 2927 289 2978 et
304 2923 410 2978 ibidem
424 2931 448 2995 1,
464 2931 512 2981 34:
531 2943 592 2981 cum
610 2927 726 2983 decimi
744 2929 817 2982 licea
834 2945 884 2997 pro
903 2945 965 2982 cum
983 2928 1139 2983 brevissima

204 3076 229 3144 1)
256 3074 460 3130 Preelarillimd
483 3094 553 3147 opus
579 3077 743 3151 elementop
762 3076 887 3131 Euclidis
910 3077 1059 3147 megarelis
1084 3084 1139 3130 vna

133 3145 510 3275 pplipiotsjmelnltisfiffamppnp)
523 3147 720 3274 plpicpcillinpi
739 3147 771 3232 in
790 3148 1021 3272 artl‘edpeometria
1038 3147 1140 3272 ipcipit

132 3259 287 3358 geometria
315 3234 433 3343 arteeln
454 3289 485 3343 id
508 3237 602 3360 gilido}
615 3235 1140 3364 Ilnarerilpgffnifflpcspicssaeffiffiffllloffieffl

132 3357 256 3412 tationes
274 3358 364 3414 finiat.
395 3359 536 3414 Erhardus
555 3361 661 3416 ratdolt
674 3361 860 3432 Augustensis
878 3361 1021 3431 impressor
1036 3367 1040 3432 Ι
1057 3360 1139 3414 soler-

132 3428 260 3484 tillimus.
310 3430 428 3500 venetijs
451 3431 594 3501 impreslit.
645 3433 726 3487 Anno
752 3432 857 3487 salutis.
890 3433 927 3487 M.
952 3449 1024 3486 cccc.
1042 3431 1146 3495 lxxxxi.

133 3498 257 3556 Octauio.
276 3499 369 3557 Galen.
387 3504 391 3575 Ι
407 3502 470 3557 Jur'r.
508 3503 615 3559 Lector.
687 3503 771 3560 Vale.
