2408 3848
394 136 443 190 AD
462 135 648 190 EUOLIDEM
666 136 732 190 LIB.
747 137 768 194 Ι.
1041 136 1083 200 53

72 305 199 382 iungam
226 307 337 380 punota
360 307 380 364 d
387 335 390 339 ·
403 308 433 364 et
454 307 473 364 le
496 324 562 364 oum
587 305 667 363 linea
691 306 740 365 dt.
785 305 826 362 Et
849 303 920 380 quia
944 303 1023 362 linea
1046 306 1085 363 de

74 397 120 454 est
143 394 257 469 equalis
281 394 358 452 linae
377 395 422 461 ele,
447 414 516 472 ergo
536 394 763 470 exprobatione
782 393 886 468 quinte
904 392 997 470 figure
1016 396 1086 452 sunt

73 483 134 542 duo
158 481 269 560 anguli,
293 483 345 558 qui
368 485 437 542 sunt
455 502 544 559 supra
562 482 666 558 basim,
690 483 818 558 equales.
859 482 995 559 Angulus
1015 501 1085 560 ergo

73 574 137 632 dte
169 575 214 630 est
246 572 359 647 equalis
387 573 497 649 angulo
524 574 595 631 lade.
646 572 691 630 Ex
717 573 774 630 hae
801 571 976 647 probatione
1003 591 1084 630 mon·

74 663 197 736 stratur,
217 661 296 735 quod
315 661 440 738 angulus
459 662 522 721 dier
541 663 586 719 est
605 660 718 736 equalis
738 661 848 737 angulo
862 661 938 719 leda:
957 659 1085 737 angulus
1111 672 1125 711 5

74 768 145 828 ergo
170 751 228 809 ede
255 751 336 808 totus
362 753 407 808 est
430 749 545 825 equalis
568 749 626 808 toti
649 750 758 828 angulo
783 751 853 809 ede:
881 751 911 806 et
932 748 1010 806 illud
1032 751 1086 824 est,

75 839 156 915 quod
179 837 380 897 demonstrare
410 831 601 920 voluimusl)

870 925 1085 1001 Pretereapos·

84 1024 112 1077 d
449 1046 474 1086 a
826 1014 910 1073 sibile
934 1006 1024 1096 esd),
1051 1016 1087 1072 ut

825 1104 905 1162 linea
924 1122 966 1177 oy
985 1117 1126 1162 secun-10

825 1193 897 1250 dum
934 1192 1086 1250 rectitudi-

824 1300 892 1338 nem
927 1281 1086 1358 coniunga-

71 1429 89 1465 ἶ
405 1430 432 1467 e,
482 1430 483 1434 ,
716 1365 718 1371 ’
824 1371 875 1428 tur
914 1369 991 1428 lineo
1033 1371 1085 1440 da,

432 1431 461 1488 ⁴q
771 1415 792 1471 b

825 1457 901 1516 sieut
919 1458 999 1516 linea
1015 1460 1085 1518 dale.

825 1545 901 1614 Quia
918 1546 1014 1622 igitur
1033 1547 1127 1605 tri-15

825 1635 1021 1711 angulusdelr
1029 1635 1086 1694 duo

70 1731 95 1784 Ιι
851 1725 947 1781 latera
969 1723 1061 1781 habet

826 1806 1003 1889 <equalia>,
1034 1812 1087 1870 soi-

75 1900 147 1958 lioet
165 1899 245 1957 latus
260 1900 310 1967 de,
328 1897 407 1974 quod
422 1900 467 1956 est
481 1898 585 1974 equale
599 1897 688 1956 lateri
705 1899 751 1968 te,
772 1903 801 1958 et
815 1902 942 1978 angulus
961 1903 1022 1961 edit
1043 1904 1088 1961 est

77 1987 192 2064 equalis
207 1987 317 2065 angulo
333 1987 403 2061 elem
421 1989 451 2045 et
463 1987 539 2044 illud
554 1989 606 2062 est,
621 1987 701 2062 quod
716 1987 917 2049 demonstrare
930 1989 1087 2050 voluimus.
1102 2003 1128 2042 2⁰

725 2076 860 2137 Positum
887 2073 1008 2158 <enim>
1034 2083 1086 2154 est,

657 2165 737 2240 quod
764 2167 844 2225 linea
868 2186 910 2242 oq
937 2169 977 2226 sit
1000 2169 1087 2244 quasi

657 2253 814 2314 coniuncta
829 2257 991 2314 seeundum
1000 2257 1085 2316 reoti-

655 2342 789 2401 tudinem
815 2344 893 2402 linee
917 2347 965 2404 da.
1015 2346 1085 2404 Pos-

657 2431 740 2489 sibile
774 2452 892 2508 quoque
924 2426 1014 2515 eol),
1051 2438 1086 2493 ut
1100 2446 1126 2488 aa

656 2519 735 2577 linea
759 2539 801 2595 oy
823 2521 899 2580 linee
923 2524 963 2582 dr
985 2523 1087 2582 taliter

657 2608 868 2687 coniungatur,
907 2612 986 2686 quod
1021 2612 1087 2688 ipsa

657 2716 724 2756 oum
746 2698 825 2757 linea
853 2701 894 2760 da
926 2720 961 2757 ex
993 2701 1087 2759 altera

656 2790 742 2862 parte
763 2788 915 2848 contineat
935 2790 1087 2866 angulum.

658 2874 704 2933 Sit
733 2896 801 2955 ergo
824 2877 882 2953 ita,
910 2878 987 2937 siout
1009 2878 1086 2937 linee
1101 2891 1126 2930 ³⁰

658 2965 710 3033 da,
731 2967 785 3034 ad,
816 2968 846 3023 et
868 2967 1031 3042 producam
1052 2968 1088 3025 li-

76 3072 164 3112 neam
178 3055 228 3112 dle.
252 3054 292 3111 Et
306 3053 377 3131 quia
391 3053 557 3131 triangulus
572 3054 634 3112 dele
653 3056 697 3112 est
711 3053 836 3113 duorum
851 3055 1000 3131 equalium
1014 3057 1088 3115 late-

75 3163 152 3218 rum,
167 3161 236 3220 ergo
252 3143 413 3202 seeundum
422 3142 628 3220 probationem
637 3142 730 3219 figure
746 3143 848 3219 quinte
863 3145 989 3223 angulus
1005 3143 1088 3223 <eut

149 3301 190 3350 27.
211 3295 286 3362 quod
304 3293 379 3366 ipsa]
397 3293 541 3362 quantitas
560 3293 630 3363 ipsa.

148 3439 175 3506 1)
193 3437 316 3490 Pnoonus
336 3441 396 3506 267,
414 3441 479 3504 5sq.
499 3468 534 3476 -
553 3439 579 3504 2)
598 3435 721 3491 Procius
741 3443 900 3506 266,15sq.
920 3469 953 3477 —
972 3440 999 3506 3)
1017 3438 1086 3491 Pao-

76 3527 142 3564 onus
162 3513 222 3578 268,
243 3513 318 3578 loq,
338 3506 386 3576 qui
404 3509 461 3561 tres
481 3507 731 3562 demonstrationes
750 3509 879 3562 Prmours
899 3524 958 3562 esse
978 3507 1060 3562 (linit.
