2408 3848
382 157 432 211 AD
451 156 636 212 EUCLIDEM
654 156 719 211 LIB.
734 157 754 210 Ι.
1030 158 1070 221 61

60 323 268 402 probationem
298 323 394 402 igitur
421 326 516 404 figure
545 325 648 402 quinte
676 329 764 385 erunt
790 326 849 385 duo
877 325 980 402 anguli
1007 327 1074 384 baa

60 417 90 474 et
113 416 182 475 bad
200 415 328 490 equales,
350 417 382 473 et
401 414 538 474 similiter
560 415 618 474 duo
643 415 745 491 anguli
761 433 833 489 qen,
855 433 919 489 yae
942 415 1071 490 equales.

61 503 121 562 Sed
141 504 267 581 angulus
286 505 358 586 ado
371 506 417 562 est
433 504 529 563 maior
546 505 657 581 angulo
676 506 751 579 day,
771 524 840 581 ergo
860 504 987 581 angulus
1006 506 1050 563 ad
1056 506 1072 563 b

66 593 164 651 multo
191 592 287 651 maior
314 593 424 670 angulo
445 611 517 667 que.
563 594 603 650 Et
626 593 763 652 similiter
786 592 963 667 ostenditur,
992 593 1073 668 quod

61 681 192 758 angulus
207 699 269 756 aeq
287 685 332 740 est
349 681 444 742 maior
463 683 574 759 angulo
589 684 663 742 bad.
699 681 796 740 Multo
816 701 885 758 ergo
903 681 1071 741 coniunctio
1098 692 1111 733 5

60 770 187 829 duorum
209 771 387 846 angulorum
409 773 484 840 odb,
506 789 567 844 aeq
590 774 635 830 est
657 770 753 830 maior
776 771 981 830 coniunctione
1000 771 1070 831 duo-

59 879 128 917 rum
151 859 329 937 angulorum
351 862 426 928 bad,
447 877 519 935 yae.
565 858 622 919 Sed
643 859 705 918 iam
726 860 786 918 fuit
809 862 967 935 ostensum,
992 860 1072 935 quod

58 947 119 1024 ipsi
142 950 213 1007 sunt
236 948 277 1007 eis
301 950 430 1024 equales,
454 948 533 1024 quod
557 951 602 1007 est
625 948 806 1008 eontrarium
827 951 857 1007 et
876 948 1070 1025 impossibile3

58 1039 91 1096 et
112 1036 189 1094 illud
212 1039 264 1112 est,
289 1037 369 1112 quod
392 1038 593 1098 demonstrare
616 1037 774 1097 voluimus.

127 1124 280 1185 Additio
303 1127 423 1203 figure
446 1126 614 1188 vicesimo
639 1119 804 1208 quartel)
1085 1139 1110 1178 1⁰

128 1212 161 1271 Si
188 1214 268 1272 linea
291 1217 333 1274 dl
355 1217 562 1290 protrahatur,
590 1215 682 1274 donec
705 1215 745 1273 sit
767 1215 881 1291 equalis
904 1214 992 1273 lateri
1015 1233 1069 1288 ay,

58 1305 91 1361 et
112 1304 218 1379 postea
240 1303 425 1378 producatur
448 1306 485 1363 ele
508 1304 623 1380 equalis
645 1304 722 1362 linee
746 1305 798 1378 by,
827 1323 896 1380 ergo
920 1303 1069 1379 separabi-

58 1394 111 1450 tur
136 1394 282 1467 punotum
308 1411 337 1468 r,
370 1396 400 1452 et
425 1393 580 1469 proveniet
607 1393 775 1469 triangulus
803 1394 873 1451 ule.
925 1391 983 1450 Sed
1009 1393 1070 1450 iam

57 1481 210 1556 protracte
225 1485 295 1541 sunt
309 1502 327 1541 a
342 1481 457 1542 duabus
472 1481 708 1541 extremitatibus
722 1481 810 1539 unius
824 1482 954 1539 laterum
966 1480 1068 1557 ipsius

57 2330 140 2406 quod
162 2332 207 2388 est
230 2331 281 2404 de,
305 2329 360 2387 due
381 2330 467 2406 lineo,
490 2349 547 2405 que
567 2332 701 2406 sanleia,
721 2347 763 2405 ez,
786 2349 913 2406 quarum
931 2332 1066 2389 extremi·
1082 2342 1107 2383 15

56 2421 138 2478 tatas
156 2417 188 2476 in
206 2420 318 2494 puncto
337 2436 353 2478 r
370 2419 450 2477 infra
467 2419 653 2495 triangulum
672 2422 858 2478 concurrunt.
900 2418 1068 2478 Secundum

55 2507 265 2584 probationem
291 2506 384 2584 igitur
409 2507 503 2584 figure
530 2508 668 2566 vioesime
695 2507 789 2583 prime
818 2508 874 2566 erit
897 2509 1066 2568 coniunctio

56 2597 189 2655 duorum
210 2597 339 2654 laterum
362 2613 404 2664 ez,
428 2598 468 2655 cla
489 2596 587 2656 minor
605 2597 810 2655 coniunctione
830 2597 958 2655 duarum
974 2598 1066 2655 linea-

55 2705 125 2744 rum
157 2685 212 2753 dl,
240 2686 279 2742 lte
309 2685 340 2741 in
372 2685 451 2742 linea
482 2705 542 2742 una
568 2685 747 2760 positarum,
780 2686 866 2761 quasi
892 2686 971 2744 linea
998 2706 1065 2745 una.

58 2774 118 2833 Sed
140 2774 221 2831 latus
244 2774 287 2831 cla
310 2776 355 2831 est
377 2774 482 2849 equale
504 2775 593 2831 lateri
615 2776 663 2850 da,
685 2778 819 2833 remanet
842 2795 911 2852 ergo
931 2777 1010 2834 latus
1030 2778 1066 2834 eb
1080 2788 1106 2826 20

56 2863 155 2920 maius
186 2862 274 2920 latori
307 2879 348 2922 ea.
398 2862 590 2921 Manifestum
619 2867 665 2922 est
697 2866 797 2922 autem
828 2884 863 2922 ex
890 2865 1065 2940 probatione

55 2951 153 3028 figure
182 2952 300 3027 quarte,
328 2951 407 3027 quod
432 2951 511 3010 basis
540 2953 576 3010 eb
603 2955 649 3010 est
678 2953 792 3028 equalis
819 2952 884 3011 basi
907 2955 958 3028 by:
986 2954 1066 3012 basis

131 3144 172 3192 19.
192 3138 284 3209 quasi]
304 3138 378 3206 quia.

131 3319 157 3386 1)
175 3315 310 3370 Euenmns
328 3317 349 3386 l,
369 3322 416 3372 24:
444 3317 571 3372 &notum
589 3319 705 3372 duorum
722 3319 932 3388 triaaqalorum,
951 3333 1065 3386 quorum

55 3391 113 3444 duo
136 3388 224 3442 latera
245 3390 329 3442 unius
351 3389 456 3442 duobus
479 3389 608 3442 luteribus
630 3390 743 3444 alterius
764 3390 870 3457 fuerint
892 3390 1013 3457 aqualia,
1040 3390 1066 3441 st

54 3459 144 3527 fuerit
161 3459 325 3528 aequiorum
342 3461 391 3514 sab
405 3460 462 3514 illis
475 3461 550 3528 equis
564 3460 693 3515 lateribus
706 3467 890 3515 contentorum
904 3460 1065 3514 alteralteri

54 3531 154 3597 maior,
173 3531 246 3585 basis
263 3547 365 3600 quoque
383 3532 443 3585 bosi
460 3532 573 3585 alteriue
590 3532 679 3586 maior
696 3535 755 3587 erit.
