<?xml version="1.0" encoding="UTF-8"?>
<!DOCTYPE html PUBLIC "-//W3C//DTD XHTML 1.0 Transitional//EN"
    "http://www.w3.org/TR/xhtml1/DTD/xhtml1-transitional.dtd">
<html xmlns="http://www.w3.org/1999/xhtml" xml:lang="en" lang="en">
 <head>
  <title>
</title>
<meta http-equiv="Content-Type" content="text/html;charset=utf-8" />
  <meta name='ocr-system' content='tesseract 3.04.00' />
  <meta name='ocr-capabilities' content='ocr_page ocr_carea ocr_par ocr_line ocrx_word'/>
</head>
<body>
  <div class='ocr_page' id='page_1' title='image "./euclidisoperaom18unkngoog/euclidisoperaom18unkngoog_0427.png"; bbox 0 0 2408 3848; ppageno 0'>
   <div class='ocr_carea' id='block_1_1' title="bbox 242 431 918 506">
    <p class='ocr_par' dir='ltr' id='par_1_1' title="bbox 242 431 918 506">
     <span class='ocr_line' id='line_1_1' title="bbox 242 431 918 506; baseline -0.003 0"><span class='ocrx_word' id='word_1_1' title='bbox 242 433 476 506; x_wconf 79' lang='lat' dir='ltr'><strong>ADDENDA</strong></span> <span class='ocrx_word' id='word_1_2' title='bbox 504 433 566 505; x_wconf 82' lang='lat' dir='ltr'><strong>ET</strong></span> <span class='ocrx_word' id='word_1_3' title='bbox 596 431 918 505; x_wconf 78' lang='lat' dir='ltr'><strong>CORRIGENDA.</strong></span> 
     </span>
    </p>
   </div>
   <div class='ocr_carea' id='block_1_2' title="bbox 71 591 1090 3130">
    <p class='ocr_par' dir='ltr' id='par_1_2' title="bbox 71 591 710 641">
     <span class='ocr_line' id='line_1_2' title="bbox 71 591 710 641; baseline -0.005 -11"><span class='ocrx_word' id='word_1_4' title='bbox 71 592 154 641; x_wconf 69' lang='lat' dir='ltr'><strong>Papiae</strong></span> <span class='ocrx_word' id='word_1_5' title='bbox 188 593 244 631; x_wconf 79' lang='lat' dir='ltr'><strong>linea</strong></span> <span class='ocrx_word' id='word_1_6' title='bbox 408 600 463 640; x_wconf 86' lang='lat' dir='ltr'><strong>pro:</strong></span> <span class='ocrx_word' id='word_1_7' title='bbox 656 591 710 638; x_wconf 64' lang='lat' dir='ltr'><strong>leae:</strong></span> 
     </span>
    </p>

    <p class='ocr_par' dir='ltr' id='par_1_3' title="bbox 91 648 729 717">
     <span class='ocr_line' id='line_1_3' title="bbox 91 648 729 717; baseline -0.003 -13"><span class='ocrx_word' id='word_1_8' title='bbox 91 655 123 706; x_wconf 99' lang='grc'><strong>17</strong></span> <span class='ocrx_word' id='word_1_9' title='bbox 215 655 230 703; x_wconf 94' lang='grc'><strong>7</strong></span> <span class='ocrx_word' id='word_1_10' title='bbox 356 649 432 717; x_wconf 88' lang='lat' dir='ltr'><strong>quod</strong></span> <span class='ocrx_word' id='word_1_11' title='bbox 450 649 492 703; x_wconf 86' lang='lat' dir='ltr'><strong>sio</strong></span> <span class='ocrx_word' id='word_1_12' title='bbox 608 665 663 717; x_wconf 88' lang='lat' dir='ltr'><strong>que</strong></span> <span class='ocrx_word' id='word_1_13' title='bbox 682 648 729 702; x_wconf 90' lang='lat' dir='ltr'><strong>sio.</strong></span> 
     </span>
    </p>

    <p class='ocr_par' dir='ltr' id='par_1_4' title="bbox 90 718 752 776">
     <span class='ocr_line' id='line_1_4' title="bbox 90 718 752 776; baseline -0.003 -2"><span class='ocrx_word' id='word_1_14' title='bbox 90 727 124 776; x_wconf 94' lang='grc'><strong>20</strong></span> <span class='ocrx_word' id='word_1_15' title='bbox 198 726 230 774; x_wconf 91' lang='grc'><strong>17</strong></span> <span class='ocrx_word' id='word_1_16' title='bbox 356 719 510 774; x_wconf 88' lang='lat' dir='ltr'><strong>medietate</strong></span> <span class='ocrx_word' id='word_1_17' title='bbox 604 718 752 774; x_wconf 77' lang='lat' dir='ltr'>medietati</span> 
     </span>
    </p>

    <p class='ocr_par' dir='ltr' id='par_1_5' title="bbox 90 792 780 858">
     <span class='ocr_line' id='line_1_5' title="bbox 90 792 780 858; baseline -0.004 -12"><span class='ocrx_word' id='word_1_18' title='bbox 90 798 123 846; x_wconf 87' lang='grc'><strong>39</strong></span> <span class='ocrx_word' id='word_1_19' title='bbox 197 797 230 846; x_wconf 93' lang='grc'><strong>28</strong></span> <span class='ocrx_word' id='word_1_20' title='bbox 356 793 531 858; x_wconf 76' lang='lat' dir='ltr'><strong>exequantur</strong></span> <span class='ocrx_word' id='word_1_21' title='bbox 605 792 780 858; x_wconf 79' lang='lat' dir='ltr'><strong>exequuntur</strong></span> 
     </span>
    </p>

    <p class='ocr_par' dir='ltr' id='par_1_6' title="bbox 91 861 725 932">
     <span class='ocr_line' id='line_1_6' title="bbox 91 861 725 932; baseline -0.005 -14"><span class='ocrx_word' id='word_1_22' title='bbox 91 869 124 918; x_wconf 87' lang='grc'><strong>68</strong></span> <span class='ocrx_word' id='word_1_23' title='bbox 198 868 231 916; x_wconf 89' lang='grc'><strong>32</strong></span> <span class='ocrx_word' id='word_1_24' title='bbox 358 861 477 932; x_wconf 82' lang='lat' dir='ltr'><strong>angulas</strong></span> <span class='ocrx_word' id='word_1_25' title='bbox 605 861 725 932; x_wconf 81' lang='lat' dir='ltr'><strong>angulus</strong></span> 
     </span>
    </p>

    <p class='ocr_par' dir='ltr' id='par_1_7' title="bbox 92 931 769 1014">
     <span class='ocr_line' id='line_1_7' title="bbox 92 931 769 1014; baseline 0 -28"><span class='ocrx_word' id='word_1_26' title='bbox 92 940 124 987; x_wconf 90' lang='grc'><strong>72</strong></span> <span class='ocrx_word' id='word_1_27' title='bbox 198 939 232 986; x_wconf 90' lang='lat'><strong>30</strong></span> <span class='ocrx_word' id='word_1_28' title='bbox 357 933 458 1001; x_wconf 88' lang='lat' dir='ltr'><strong>equale</strong></span> <span class='ocrx_word' id='word_1_29' title='bbox 477 935 520 987; x_wconf 87' lang='lat' dir='ltr'><strong>set</strong></span> <span class='ocrx_word' id='word_1_30' title='bbox 606 931 720 1014; x_wconf 79' lang='lat' dir='ltr'><strong>equales</strong></span> <span class='ocrx_word' id='word_1_31' title='bbox 739 933 769 986; x_wconf 87' lang='lat' dir='ltr'><strong>et</strong></span> 
     </span>
    </p>

    <p class='ocr_par' dir='ltr' id='par_1_8' title="bbox 92 1001 715 1058">
     <span class='ocr_line' id='line_1_8' title="bbox 92 1001 715 1058; baseline -0.003 0"><span class='ocrx_word' id='word_1_32' title='bbox 92 1010 126 1058; x_wconf 93' lang='grc'><strong>74</strong></span> <span class='ocrx_word' id='word_1_33' title='bbox 199 1009 233 1058; x_wconf 86' lang='grc'><strong>24</strong></span> <span class='ocrx_word' id='word_1_34' title='bbox 359 1003 452 1058; x_wconf 89' lang='lat' dir='ltr'><strong>aliena</strong></span> <span class='ocrx_word' id='word_1_35' title='bbox 606 1001 715 1058; x_wconf 76' lang='lat' dir='ltr'><strong>alienus</strong></span> 
     </span>
    </p>

    <p class='ocr_par' dir='ltr' id='par_1_9' title="bbox 91 1073 729 1131">
     <span class='ocr_line' id='line_1_9' title="bbox 91 1073 729 1131; baseline -0.002 -1"><span class='ocrx_word' id='word_1_36' title='bbox 91 1081 125 1130; x_wconf 86' lang='lat'><strong>83</strong></span> <span class='ocrx_word' id='word_1_37' title='bbox 217 1082 231 1129; x_wconf 85' lang='lat'>1</span> <span class='ocrx_word' id='word_1_38' title='bbox 357 1075 431 1129; x_wconf 87' lang='lat' dir='ltr'><strong>linea</strong></span> <span class='ocrx_word' id='word_1_39' title='bbox 450 1081 485 1131; x_wconf 83' lang='lat' dir='ltr'><strong>at</strong></span> <span class='ocrx_word' id='word_1_40' title='bbox 603 1073 679 1130; x_wconf 82' lang='lat' dir='ltr'><strong>linea</strong></span> <span class='ocrx_word' id='word_1_41' title='bbox 697 1081 729 1129; x_wconf 79' lang='lat' dir='ltr'><strong>at</strong></span> 
     </span>
    </p>

    <p class='ocr_par' dir='ltr' id='par_1_10' title="bbox 101 1143 911 1216">
     <span class='ocr_line' id='line_1_10' title="bbox 101 1143 911 1216; baseline -0.002 -16"><span class='ocrx_word' id='word_1_42' title='bbox 101 1190 117 1216; x_wconf 82' lang='lat'>„</span> <span class='ocrx_word' id='word_1_43' title='bbox 165 1146 195 1200; x_wconf 88' lang='lat' dir='ltr'><strong>in</strong></span> <span class='ocrx_word' id='word_1_44' title='bbox 214 1146 304 1216; x_wconf 81' lang='lat' dir='ltr'><strong>figura</strong></span> <span class='ocrx_word' id='word_1_45' title='bbox 323 1145 462 1216; x_wconf 82' lang='lat' dir='ltr'><strong>coniunge</strong></span> <span class='ocrx_word' id='word_1_46' title='bbox 480 1147 586 1215; x_wconf 82' lang='lat' dir='ltr'><strong>puncta</strong></span> <span class='ocrx_word' id='word_1_47' title='bbox 603 1145 631 1213; x_wconf 73' lang='lat' dir='ltr'><strong>lo,</strong></span> <span class='ocrx_word' id='word_1_48' title='bbox 649 1163 684 1213; x_wconf 87' lang='lat' dir='ltr'><strong>m,</strong></span> <span class='ocrx_word' id='word_1_49' title='bbox 703 1147 718 1200; x_wconf 82' lang='grc'><strong>6</strong></span> <span class='ocrx_word' id='word_1_50' title='bbox 736 1143 813 1199; x_wconf 88' lang='lat' dir='ltr'><strong>linea</strong></span> <span class='ocrx_word' id='word_1_51' title='bbox 831 1146 911 1199; x_wconf 82' lang='lat' dir='ltr'><strong>reeta</strong></span> 
     </span>
    </p>

    <p class='ocr_par' dir='ltr' id='par_1_11' title="bbox 73 1217 748 1288">
     <span class='ocr_line' id='line_1_11' title="bbox 73 1217 748 1288; baseline 0.001 -17"><span class='ocrx_word' id='word_1_52' title='bbox 73 1223 124 1271; x_wconf 92' lang='grc'><strong>103</strong></span> <span class='ocrx_word' id='word_1_53' title='bbox 198 1223 231 1270; x_wconf 88' lang='lat'><strong>33</strong></span> <span class='ocrx_word' id='word_1_54' title='bbox 357 1234 399 1287; x_wconf 73' lang='lat' dir='ltr'><strong>op</strong></span> <span class='ocrx_word' id='word_1_55' title='bbox 412 1243 445 1263; x_wconf 97' lang='lat'>=</span> <span class='ocrx_word' id='word_1_56' title='bbox 461 1217 501 1272; x_wconf 80' lang='lat' dir='ltr'><strong>bd</strong></span> <span class='ocrx_word' id='word_1_57' title='bbox 607 1233 647 1288; x_wconf 72' lang='lat' dir='ltr'><strong>aq</strong></span> <span class='ocrx_word' id='word_1_58' title='bbox 661 1243 695 1262; x_wconf 93' lang='lat'><em>=</em></span> <span class='ocrx_word' id='word_1_59' title='bbox 710 1218 748 1288; x_wconf 72' lang='lat' dir='ltr'><strong>by</strong></span> 
     </span>
    </p>

    <p class='ocr_par' dir='ltr' id='par_1_12' title="bbox 73 1280 712 1359">
     <span class='ocr_line' id='line_1_12' title="bbox 73 1280 712 1359; baseline 0 -17"><span class='ocrx_word' id='word_1_60' title='bbox 73 1294 124 1342; x_wconf 78' lang='lat' dir='ltr'><strong>iae</strong></span> <span class='ocrx_word' id='word_1_61' title='bbox 198 1295 232 1342; x_wconf 81' lang='lat' dir='ltr'><strong>ae</strong></span> <span class='ocrx_word' id='word_1_62' title='bbox 314 1280 322 1297; x_wconf 79' lang='lat'><strong><em>⁴</em></strong></span> <span class='ocrx_word' id='word_1_63' title='bbox 358 1290 410 1355; x_wconf 70' lang='lat' dir='ltr'><strong>aa,</strong></span> <span class='ocrx_word' id='word_1_64' title='bbox 428 1289 469 1359; x_wconf 70' lang='lat' dir='ltr'><strong>dp</strong></span> <span class='ocrx_word' id='word_1_65' title='bbox 605 1287 657 1354; x_wconf 71' lang='lat' dir='ltr'><strong>aa,</strong></span> <span class='ocrx_word' id='word_1_66' title='bbox 675 1303 712 1359; x_wconf 70' lang='lat' dir='ltr'><strong>ap</strong></span> 
     </span>
    </p>

    <p class='ocr_par' dir='ltr' id='par_1_13' title="bbox 74 1357 711 1414">
     <span class='ocr_line' id='line_1_13' title="bbox 74 1357 711 1414; baseline -0.002 -1"><span class='ocrx_word' id='word_1_67' title='bbox 74 1365 124 1414; x_wconf 84' lang='grc'><strong>136</strong></span> <span class='ocrx_word' id='word_1_68' title='bbox 198 1365 233 1413; x_wconf 90' lang='grc'><strong>34</strong></span> <span class='ocrx_word' id='word_1_69' title='bbox 358 1358 470 1413; x_wconf 83' lang='lat' dir='ltr'><strong>Videris</strong></span> <span class='ocrx_word' id='word_1_70' title='bbox 605 1357 711 1414; x_wconf 88' lang='lat' dir='ltr'><strong>Videas</strong></span> 
     </span>
    </p>

    <p class='ocr_par' dir='ltr' id='par_1_14' title="bbox 73 1429 701 1501">
     <span class='ocr_line' id='line_1_14' title="bbox 73 1429 701 1501; baseline 0 -17"><span class='ocrx_word' id='word_1_71' title='bbox 73 1436 124 1486; x_wconf 91' lang='grc'><strong>166</strong></span> <span class='ocrx_word' id='word_1_72' title='bbox 215 1437 230 1484; x_wconf 84' lang='grc'><strong>6</strong></span> <span class='ocrx_word' id='word_1_73' title='bbox 358 1430 395 1483; x_wconf 90' lang='lat' dir='ltr'><strong>ad</strong></span> <span class='ocrx_word' id='word_1_74' title='bbox 413 1432 455 1501; x_wconf 78' lang='lat' dir='ltr'><strong>pd</strong></span> <span class='ocrx_word' id='word_1_75' title='bbox 607 1429 644 1482; x_wconf 91' lang='lat' dir='ltr'><strong>ad</strong></span> <span class='ocrx_word' id='word_1_76' title='bbox 663 1431 701 1500; x_wconf 77' lang='lat' dir='ltr'><strong>by</strong></span> 
     </span>
    </p>

    <p class='ocr_par' dir='ltr' id='par_1_15' title="bbox 99 1501 643 1572">
     <span class='ocr_line' id='line_1_15' title="bbox 99 1501 643 1572; baseline 0 -17"><span class='ocrx_word' id='word_1_77' title='bbox 99 1545 106 1570; x_wconf 83' lang='lat'><em>‚</em></span> <span class='ocrx_word' id='word_1_78' title='bbox 215 1507 230 1555; x_wconf 87' lang='lat'>6</span> <span class='ocrx_word' id='word_1_79' title='bbox 356 1502 398 1572; x_wconf 79' lang='lat' dir='ltr'><strong>pd</strong></span> <span class='ocrx_word' id='word_1_80' title='bbox 606 1501 643 1555; x_wconf 81' lang='lat' dir='ltr'><strong>de</strong></span> 
     </span>
    </p>

    <p class='ocr_par' dir='ltr' id='par_1_16' title="bbox 73 1570 795 1698">
     <span class='ocr_line' id='line_1_16' title="bbox 73 1570 795 1698; baseline -0.001 -2"><span class='ocrx_word' id='word_1_81' title='bbox 73 1615 124 1697; x_wconf 70' lang='grc'><strong>1’7’0</strong></span> <span class='ocrx_word' id='word_1_82' title='bbox 198 1578 231 1696; x_wconf 57' lang='lat' dir='ltr'><strong>lg</strong></span> <span class='ocrx_word' id='word_1_83' title='bbox 249 1645 278 1698; x_wconf 91' lang='lat' dir='ltr'><strong>et</strong></span> <span class='ocrx_word' id='word_1_84' title='bbox 289 1648 322 1697; x_wconf 82' lang='lat'><strong>14</strong></span> <span class='ocrx_word' id='word_1_85' title='bbox 356 1570 553 1697; x_wconf 40' lang='lat' dir='ltr'><strong>{timoratione</strong></span> <span class='ocrx_word' id='word_1_86' title='bbox 605 1571 795 1696; x_wconf 52' lang='lat' dir='ltr'><strong>figmeatum</strong></span> 
     </span>
    </p>

    <p class='ocr_par' dir='ltr' id='par_1_17' title="bbox 74 1713 715 1783">
     <span class='ocr_line' id='line_1_17' title="bbox 74 1713 715 1783; baseline 0 -16"><span class='ocrx_word' id='word_1_87' title='bbox 74 1719 124 1768; x_wconf 92' lang='grc'><strong>178</strong></span> <span class='ocrx_word' id='word_1_88' title='bbox 199 1720 232 1767; x_wconf 89' lang='grc'><strong>30</strong></span> <span class='ocrx_word' id='word_1_89' title='bbox 333 1713 422 1768; x_wconf 88' lang='lat' dir='ltr'><strong>addas</strong></span> <span class='ocrx_word' id='word_1_90' title='bbox 441 1718 468 1783; x_wconf 82' lang='grc'><strong>2)</strong></span> <span class='ocrx_word' id='word_1_91' title='bbox 488 1715 553 1768; x_wconf 84' lang='lat' dir='ltr'><strong>ante</strong></span> <span class='ocrx_word' id='word_1_92' title='bbox 572 1713 715 1768; x_wconf 81' lang='lat' dir='ltr'><strong>Eucnmms</strong></span> 
     </span>
    </p>

    <p class='ocr_par' dir='ltr' id='par_1_18' title="bbox 73 1786 758 1854">
     <span class='ocr_line' id='line_1_18' title="bbox 73 1786 758 1854; baseline 0 -16"><span class='ocrx_word' id='word_1_93' title='bbox 73 1790 125 1839; x_wconf 92' lang='grc'><strong>184</strong></span> <span class='ocrx_word' id='word_1_94' title='bbox 216 1791 231 1839; x_wconf 93' lang='grc'>8</span> <span class='ocrx_word' id='word_1_95' title='bbox 358 1799 496 1853; x_wconf 83' lang='lat' dir='ltr'><strong>posquam</strong></span> <span class='ocrx_word' id='word_1_96' title='bbox 607 1786 758 1854; x_wconf 76' lang='lat' dir='ltr'><strong>postquam</strong></span> 
     </span>
    </p>

    <p class='ocr_par' dir='ltr' id='par_1_19' title="bbox 73 1859 640 1911">
     <span class='ocr_line' id='line_1_19' title="bbox 73 1859 640 1911; baseline 0 -3"><span class='ocrx_word' id='word_1_97' title='bbox 73 1861 123 1911; x_wconf 87' lang='grc'><strong>186</strong></span> <span class='ocrx_word' id='word_1_98' title='bbox 197 1861 231 1909; x_wconf 91' lang='grc'><strong>30</strong></span> <span class='ocrx_word' id='word_1_99' title='bbox 357 1861 373 1909; x_wconf 87' lang='grc'><strong>6</strong></span> <span class='ocrx_word' id='word_1_100' title='bbox 607 1859 640 1910; x_wconf 81' lang='grc'><strong>23</strong></span> 
     </span>
    </p>

    <p class='ocr_par' dir='ltr' id='par_1_20' title="bbox 72 1925 704 1980">
     <span class='ocr_line' id='line_1_20' title="bbox 72 1925 704 1980; baseline -0.003 0"><span class='ocrx_word' id='word_1_101' title='bbox 72 1931 124 1980; x_wconf 89' lang='grc'><strong>188</strong></span> <span class='ocrx_word' id='word_1_102' title='bbox 197 1931 230 1978; x_wconf 88' lang='grc'><strong>32</strong></span> <span class='ocrx_word' id='word_1_103' title='bbox 357 1925 458 1979; x_wconf 88' lang='lat' dir='ltr'><strong>eadem</strong></span> <span class='ocrx_word' id='word_1_104' title='bbox 604 1925 704 1980; x_wconf 88' lang='lat' dir='ltr'><strong>eodem</strong></span> 
     </span>
    </p>

    <p class='ocr_par' dir='ltr' id='par_1_21' title="bbox 73 1993 1090 2068">
     <span class='ocr_line' id='line_1_21' title="bbox 73 1993 1090 2068; baseline 0.003 -18"><span class='ocrx_word' id='word_1_105' title='bbox 73 2002 124 2050; x_wconf 84' lang='grc'><strong>194</strong></span> <span class='ocrx_word' id='word_1_106' title='bbox 197 2002 229 2049; x_wconf 89' lang='grc'><strong>31</strong></span> <span class='ocrx_word' id='word_1_107' title='bbox 324 1996 410 2051; x_wconf 86' lang='lat' dir='ltr'><strong>adde:</strong></span> <span class='ocrx_word' id='word_1_108' title='bbox 428 1993 533 2049; x_wconf 84' lang='lat' dir='ltr'><strong>Videas</strong></span> <span class='ocrx_word' id='word_1_109' title='bbox 552 1996 694 2051; x_wconf 81' lang='lat' dir='ltr'><strong>Eucnmuu</strong></span> <span class='ocrx_word' id='word_1_110' title='bbox 712 1995 858 2051; x_wconf 72' lang='lat' dir='ltr'><strong>Humanam</strong></span> <span class='ocrx_word' id='word_1_111' title='bbox 878 1994 916 2066; x_wconf 88' lang='grc' dir='ltr'><strong>ΙΙ,</strong></span> <span class='ocrx_word' id='word_1_112' title='bbox 936 2003 1000 2068; x_wconf 82' lang='grc'><strong>314,</strong></span> <span class='ocrx_word' id='word_1_113' title='bbox 1020 2004 1090 2067; x_wconf 72' lang='lat' dir='ltr'><strong>Suq.</strong></span> 
     </span>
    </p>

    <p class='ocr_par' dir='ltr' id='par_1_22' title="bbox 72 2066 792 2123">
     <span class='ocr_line' id='line_1_22' title="bbox 72 2066 792 2123; baseline 0.003 -3"><span class='ocrx_word' id='word_1_114' title='bbox 72 2072 124 2122; x_wconf 87' lang='grc'><strong>206</strong></span> <span class='ocrx_word' id='word_1_115' title='bbox 198 2073 232 2121; x_wconf 90' lang='grc'><strong>26</strong></span> <span class='ocrx_word' id='word_1_116' title='bbox 357 2066 516 2121; x_wconf 79' lang='lat' dir='ltr'><strong>remanebit</strong></span> <span class='ocrx_word' id='word_1_117' title='bbox 606 2067 792 2123; x_wconf 83' lang='lat' dir='ltr'><strong>remanebunt</strong></span> 
     </span>
    </p>

    <p class='ocr_par' dir='ltr' id='par_1_23' title="bbox 72 2137 797 2208">
     <span class='ocr_line' id='line_1_23' title="bbox 72 2137 797 2208; baseline 0.001 -16"><span class='ocrx_word' id='word_1_118' title='bbox 72 2145 123 2192; x_wconf 89' lang='grc'><strong>277</strong></span> <span class='ocrx_word' id='word_1_119' title='bbox 199 2144 230 2193; x_wconf 91' lang='grc'><strong>11</strong></span> <span class='ocrx_word' id='word_1_120' title='bbox 357 2137 557 2208; x_wconf 83' lang='lat' dir='ltr'><strong>multiplicatio</strong></span> <span class='ocrx_word' id='word_1_121' title='bbox 607 2137 797 2208; x_wconf 81' lang='lat' dir='ltr'><strong>multiplicato</strong></span> 
     </span>
    </p>

    <p class='ocr_par' dir='ltr' id='par_1_24' title="bbox 72 2208 761 2279">
     <span class='ocr_line' id='line_1_24' title="bbox 72 2208 761 2279; baseline -0.001 -15"><span class='ocrx_word' id='word_1_122' title='bbox 72 2215 125 2264; x_wconf 85' lang='grc'><strong>235</strong></span> <span class='ocrx_word' id='word_1_123' title='bbox 216 2211 278 2264; x_wconf 84' lang='grc'><strong>906</strong></span> <span class='ocrx_word' id='word_1_124' title='bbox 293 2215 325 2263; x_wconf 88' lang='grc'><strong>21</strong></span> <span class='ocrx_word' id='word_1_125' title='bbox 363 2208 509 2279; x_wconf 84' lang='lat' dir='ltr'><strong>quantitas</strong></span> <span class='ocrx_word' id='word_1_126' title='bbox 606 2209 761 2277; x_wconf 86' lang='lat' dir='ltr'><strong>quadratus</strong></span> 
     </span>
    </p>

    <p class='ocr_par' dir='ltr' id='par_1_25' title="bbox 72 2283 635 2336">
     <span class='ocr_line' id='line_1_25' title="bbox 72 2283 635 2336; baseline -0.002 -1"><span class='ocrx_word' id='word_1_127' title='bbox 72 2287 125 2335; x_wconf 87' lang='grc'><strong>308</strong></span> <span class='ocrx_word' id='word_1_128' title='bbox 199 2287 231 2335; x_wconf 90' lang='lat'><strong>31</strong></span> <span class='ocrx_word' id='word_1_129' title='bbox 358 2297 387 2336; x_wconf 81' lang='lat' dir='ltr'><strong>es</strong></span> <span class='ocrx_word' id='word_1_130' title='bbox 605 2283 635 2335; x_wconf 85' lang='lat' dir='ltr'><strong>et</strong></span> 
     </span>
    </p>

    <p class='ocr_par' dir='ltr' id='par_1_26' title="bbox 73 2350 1090 3130">
     <span class='ocr_line' id='line_1_26' title="bbox 73 2350 1090 2422; baseline 0.004 -17"><span class='ocrx_word' id='word_1_131' title='bbox 73 2357 125 2405; x_wconf 84' lang='grc'><strong>321</strong></span> <span class='ocrx_word' id='word_1_132' title='bbox 217 2359 232 2406; x_wconf 87' lang='grc'><strong>6</strong></span> <span class='ocrx_word' id='word_1_133' title='bbox 270 2368 342 2420; x_wconf 90' lang='lat' dir='ltr'><strong>pone</strong></span> <span class='ocrx_word' id='word_1_134' title='bbox 353 2350 545 2406; x_wconf 89' lang='lat' dir='ltr'><strong>adnotationis</strong></span> <span class='ocrx_word' id='word_1_135' title='bbox 555 2350 667 2422; x_wconf 80' lang='lat' dir='ltr'><strong>signum</strong></span> <span class='ocrx_word' id='word_1_136' title='bbox 680 2354 746 2420; x_wconf 87' lang='lat' dir='ltr'><strong>post</strong></span> <span class='ocrx_word' id='word_1_137' title='bbox 759 2352 874 2406; x_wconf 86' lang='lat' dir='ltr'><strong>verbum</strong></span> <span class='ocrx_word' id='word_1_138' title='bbox 887 2357 964 2408; x_wconf 82' lang='lat' dir='ltr'><strong>muta</strong></span> <span class='ocrx_word' id='word_1_139' title='bbox 983 2354 1090 2409; x_wconf 76' lang='lat' dir='ltr'><strong>enibem</strong></span> 
     </span>
     <span class='ocr_line' id='line_1_27' title="bbox 267 2421 1089 2494; baseline 0.004 -18"><span class='ocrx_word' id='word_1_140' title='bbox 267 2425 296 2477; x_wconf 88' lang='lat' dir='ltr'><strong>et</strong></span> <span class='ocrx_word' id='word_1_141' title='bbox 320 2423 392 2476; x_wconf 86' lang='lat' dir='ltr'><strong>adde</strong></span> <span class='ocrx_word' id='word_1_142' title='bbox 419 2421 450 2476; x_wconf 90' lang='lat' dir='ltr'><strong>in</strong></span> <span class='ocrx_word' id='word_1_143' title='bbox 472 2423 527 2477; x_wconf 89' lang='lat' dir='ltr'><strong>fine</strong></span> <span class='ocrx_word' id='word_1_144' title='bbox 554 2423 676 2494; x_wconf 84' lang='lat' dir='ltr'><strong>paginae</strong></span> <span class='ocrx_word' id='word_1_145' title='bbox 703 2425 801 2477; x_wconf 88' lang='lat' dir='ltr'><strong>notam</strong></span> <span class='ocrx_word' id='word_1_146' title='bbox 825 2422 925 2480; x_wconf 88' lang='lat' dir='ltr'><strong>talem:</strong></span> <span class='ocrx_word' id='word_1_147' title='bbox 985 2424 1089 2479; x_wconf 90' lang='lat' dir='ltr'><strong>erbum</strong></span> 
     </span>
     <span class='ocr_line' id='line_1_28' title="bbox 268 2493 1089 2565; baseline 0.005 -17"><span class='ocrx_word' id='word_1_148' title='bbox 268 2493 412 2548; x_wconf 77' lang='lat' dir='ltr'><strong>arabiam</strong></span> <span class='ocrx_word' id='word_1_149' title='bbox 425 2495 580 2565; x_wconf 73' lang='grc'><strong>0006090066</strong></span> <span class='ocrx_word' id='word_1_150' title='bbox 593 2493 743 2549; x_wconf 84' lang='lat' dir='ltr'><strong>vernacula</strong></span> <span class='ocrx_word' id='word_1_151' title='bbox 757 2493 856 2565; x_wconf 82' lang='lat' dir='ltr'><strong>lingua</strong></span> <span class='ocrx_word' id='word_1_152' title='bbox 867 2494 971 2549; x_wconf 83' lang='lat' dir='ltr'><strong>dieitur</strong></span> <span class='ocrx_word' id='word_1_153' title='bbox 986 2497 1089 2552; x_wconf 81' lang='lat' dir='ltr'><strong>obaeita</strong></span> 
     </span>
     <span class='ocr_line' id='line_1_29' title="bbox 267 2564 1090 2634; baseline 0 -14"><span class='ocrx_word' id='word_1_154' title='bbox 267 2565 383 2620; x_wconf 73' lang='grc'><strong>0006000.</strong></span> <span class='ocrx_word' id='word_1_155' title='bbox 421 2564 586 2634; x_wconf 82' lang='lat' dir='ltr'><strong>Mutagenib</strong></span> <span class='ocrx_word' id='word_1_156' title='bbox 610 2564 699 2634; x_wconf 79' lang='lat' dir='ltr'><strong>igitur</strong></span> <span class='ocrx_word' id='word_1_157' title='bbox 721 2566 835 2620; x_wconf 66' lang='lat' dir='ltr'><strong>binomia</strong></span> <span class='ocrx_word' id='word_1_158' title='bbox 857 2568 887 2620; x_wconf 88' lang='lat' dir='ltr'><strong>et</strong></span> <span class='ocrx_word' id='word_1_159' title='bbox 907 2567 1023 2622; x_wconf 76' lang='lat' dir='ltr'><strong>maioris</strong></span> <span class='ocrx_word' id='word_1_160' title='bbox 1047 2567 1090 2620; x_wconf 89' lang='lat' dir='ltr'><strong>vi-</strong></span> 
     </span>
     <span class='ocr_line' id='line_1_30' title="bbox 268 2636 1088 2706; baseline 0.005 -18"><span class='ocrx_word' id='word_1_161' title='bbox 268 2637 370 2691; x_wconf 86' lang='lat' dir='ltr'><strong>dentur</strong></span> <span class='ocrx_word' id='word_1_162' title='bbox 397 2652 457 2690; x_wconf 92' lang='lat' dir='ltr'><strong>esse</strong></span> <span class='ocrx_word' id='word_1_163' title='bbox 484 2637 624 2690; x_wconf 76' lang='lat' dir='ltr'><strong>residuam</strong></span> <span class='ocrx_word' id='word_1_164' title='bbox 647 2636 761 2690; x_wconf 71' lang='lat' dir='ltr'><strong>Maeonii</strong></span> <span class='ocrx_word' id='word_1_165' title='bbox 783 2637 900 2692; x_wconf 78' lang='lat' dir='ltr'><strong>absoluti</strong></span> <span class='ocrx_word' id='word_1_166' title='bbox 929 2639 959 2692; x_wconf 88' lang='lat' dir='ltr'><strong>et</strong></span> <span class='ocrx_word' id='word_1_167' title='bbox 980 2639 1088 2706; x_wconf 75' lang='lat' dir='ltr'><strong>minos3</strong></span> 
     </span>
     <span class='ocr_line' id='line_1_31' title="bbox 270 2707 1090 2776; baseline 0.001 -14"><span class='ocrx_word' id='word_1_168' title='bbox 270 2708 381 2762; x_wconf 65' lang='lat' dir='ltr'><strong>ttondit</strong></span> <span class='ocrx_word' id='word_1_169' title='bbox 395 2707 482 2776; x_wconf 80' lang='lat' dir='ltr'><strong>primi</strong></span> <span class='ocrx_word' id='word_1_170' title='bbox 500 2708 529 2760; x_wconf 95' lang='grc'><strong>06</strong></span> <span class='ocrx_word' id='word_1_171' title='bbox 543 2707 664 2775; x_wconf 77' lang='lat' dir='ltr'><strong>potentis</strong></span> <span class='ocrx_word' id='word_1_172' title='bbox 681 2723 767 2776; x_wconf 80' lang='lat' dir='ltr'><strong>supra</strong></span> <span class='ocrx_word' id='word_1_173' title='bbox 782 2708 918 2762; x_wconf 70' lang='lat' dir='ltr'><strong>rationale</strong></span> <span class='ocrx_word' id='word_1_174' title='bbox 932 2714 957 2762; x_wconf 85' lang='lat' dir='ltr'><strong>et</strong></span> <span class='ocrx_word' id='word_1_175' title='bbox 969 2709 1090 2764; x_wconf 78' lang='lat' dir='ltr'><strong>nsediale</strong></span> 
     </span>
     <span class='ocr_line' id='line_1_32' title="bbox 269 2776 1089 2848; baseline 0.002 -16"><span class='ocrx_word' id='word_1_176' title='bbox 269 2777 433 2848; x_wconf 79' lang='lat' dir='ltr'><strong>mutagenib</strong></span> <span class='ocrx_word' id='word_1_177' title='bbox 453 2776 552 2831; x_wconf 87' lang='lat' dir='ltr'><strong>eodem</strong></span> <span class='ocrx_word' id='word_1_178' title='bbox 569 2777 652 2832; x_wconf 90' lang='lat' dir='ltr'><strong>modo</strong></span> <span class='ocrx_word' id='word_1_179' title='bbox 671 2778 811 2834; x_wconf 80' lang='lat' dir='ltr'><strong>residuum</strong></span> <span class='ocrx_word' id='word_1_180' title='bbox 825 2779 937 2834; x_wconf 80' lang='lat' dir='ltr'><strong>timedis&#39;</strong></span> <span class='ocrx_word' id='word_1_181' title='bbox 948 2779 1039 2847; x_wconf 64' lang='lat' dir='ltr'><strong>priua</strong></span> <span class='ocrx_word' id='word_1_182' title='bbox 1057 2782 1089 2834; x_wconf 87' lang='lat' dir='ltr'><strong>et</strong></span> 
     </span>
     <span class='ocr_line' id='line_1_33' title="bbox 267 2849 1088 2920; baseline 0.002 -16"><span class='ocrx_word' id='word_1_183' title='bbox 267 2851 412 2904; x_wconf 76' lang='lat' dir='ltr'><strong>coniuncta</strong></span> <span class='ocrx_word' id='word_1_184' title='bbox 444 2865 505 2902; x_wconf 78' lang='lat' dir='ltr'><strong>cam</strong></span> <span class='ocrx_word' id='word_1_185' title='bbox 535 2849 671 2904; x_wconf 75' lang='lat' dir='ltr'><strong>rationali</strong></span> <span class='ocrx_word' id='word_1_186' title='bbox 699 2849 805 2918; x_wconf 76' lang='lat' dir='ltr'><strong>faciens</strong></span> <span class='ocrx_word' id='word_1_187' title='bbox 837 2855 922 2904; x_wconf 68' lang='lat' dir='ltr'><strong>tottam</strong></span> <span class='ocrx_word' id='word_1_188' title='bbox 956 2851 1088 2920; x_wconf 71' lang='grc' dir='ltr'><strong>0000606ος</strong></span> 
     </span>
     <span class='ocr_line' id='line_1_34' title="bbox 267 2917 1089 2991; baseline 0.005 -18"><span class='ocrx_word' id='word_1_189' title='bbox 267 2918 432 2989; x_wconf 83' lang='lat' dir='ltr'><strong>mutagenib</strong></span> <span class='ocrx_word' id='word_1_190' title='bbox 445 2917 565 2986; x_wconf 89' lang='lat' dir='ltr'><strong>denique</strong></span> <span class='ocrx_word' id='word_1_191' title='bbox 581 2920 691 2976; x_wconf 79' lang='lat' dir='ltr'><strong>bimedii</strong></span> <span class='ocrx_word' id='word_1_192' title='bbox 703 2921 815 2975; x_wconf 64' lang='lat' dir='ltr'><strong>sewaldi</strong></span> <span class='ocrx_word' id='word_1_193' title='bbox 829 2922 858 2975; x_wconf 89' lang='lat' dir='ltr'><strong>et</strong></span> <span class='ocrx_word' id='word_1_194' title='bbox 867 2920 989 2990; x_wconf 79' lang='lat' dir='ltr'><strong>potentis</strong></span> <span class='ocrx_word' id='word_1_195' title='bbox 998 2937 1089 2991; x_wconf 79' lang='lat' dir='ltr'><strong>supro</strong></span> 
     </span>
     <span class='ocr_line' id='line_1_35' title="bbox 269 2991 1089 3049; baseline 0.005 -4"><span class='ocrx_word' id='word_1_196' title='bbox 269 2992 323 3045; x_wconf 78' lang='lat' dir='ltr'><strong>duo</strong></span> <span class='ocrx_word' id='word_1_197' title='bbox 336 2991 466 3046; x_wconf 61' lang='lat' dir='ltr'><strong>nudantia</strong></span> <span class='ocrx_word' id='word_1_198' title='bbox 480 2992 563 3044; x_wconf 90' lang='lat' dir='ltr'><strong>erunt</strong></span> <span class='ocrx_word' id='word_1_199' title='bbox 575 2992 715 3046; x_wconf 69' lang='lat' dir='ltr'><strong>rmiduum</strong></span> <span class='ocrx_word' id='word_1_200' title='bbox 728 2992 839 3047; x_wconf 78' lang='lat' dir='ltr'><strong>biowdii</strong></span> <span class='ocrx_word' id='word_1_201' title='bbox 851 2992 965 3046; x_wconf 63' lang='lat' dir='ltr'><strong>seomidi</strong></span> <span class='ocrx_word' id='word_1_202' title='bbox 979 2993 1010 3046; x_wconf 88' lang='lat' dir='ltr'><strong>et</strong></span> <span class='ocrx_word' id='word_1_203' title='bbox 1024 3009 1089 3049; x_wconf 77' lang='lat' dir='ltr'><strong>ooa-</strong></span> 
     </span>
     <span class='ocr_line' id='line_1_36' title="bbox 268 3062 936 3130; baseline 0.003 -15"><span class='ocrx_word' id='word_1_204' title='bbox 268 3063 363 3118; x_wconf 78' lang='lat' dir='ltr'><strong>iuneta</strong></span> <span class='ocrx_word' id='word_1_205' title='bbox 381 3079 441 3118; x_wconf 83' lang='lat' dir='ltr'><strong>oum</strong></span> <span class='ocrx_word' id='word_1_206' title='bbox 459 3062 572 3117; x_wconf 78' lang='lat' dir='ltr'><strong>mediati</strong></span> <span class='ocrx_word' id='word_1_207' title='bbox 589 3063 694 3130; x_wconf 75' lang='lat' dir='ltr'><strong>faciens</strong></span> <span class='ocrx_word' id='word_1_208' title='bbox 712 3068 797 3119; x_wconf 81' lang='lat' dir='ltr'><strong>totum</strong></span> <span class='ocrx_word' id='word_1_209' title='bbox 815 3063 936 3119; x_wconf 75' lang='lat' dir='ltr'><strong>mediate.</strong></span> 
     </span>
    </p>
   </div>
   <div class='ocr_carea' id='block_1_3' title="bbox 0 0 1210 3848">
    <p class='ocr_par' dir='ltr' id='par_1_27' title="bbox 0 0 1210 3848">
     <span class='ocr_line' id='line_1_37' title="bbox 0 0 1210 3848; baseline 0 0"><span class='ocrx_word' id='word_1_210' title='bbox 0 0 1210 3848; x_wconf 95' lang='lat' dir='ltr'><strong> </strong></span> 
     </span>
    </p>
   </div>
  </div>
 </body>
</html>
