2408 3848
399 160 449 214 AD
467 160 653 215 EUCLIDEM
670 161 736 217 LIB.
751 162 784 217 11.
1029 163 1090 227 101

171 328 338 388 Secundum
366 331 610 405 compositionem
637 350 706 390 vero
734 331 875 406 incipiam
903 350 921 390 a
948 333 1026 406 loco,
1055 332 1093 389 ad

77 440 169 496 quem
193 438 259 477 cum
280 419 461 478 resolutione
484 419 612 494 perveni.
646 419 739 488 ‚Quia
766 421 966 496 quadruplum
993 440 1092 495 super-

77 509 167 583 ficiei,
191 527 247 585 que
267 508 436 566 continetur
454 527 472 566 a
491 509 603 567 duabus
621 509 708 568 lineis
727 512 776 584 ab,
796 511 843 584 bp,
862 528 929 568 cum
947 510 1093 585 quadrato

76 599 158 656 lineo
181 616 223 672 op
246 599 373 672 equatur
395 597 485 672 duplo
510 597 683 672 superficiei,
707 617 763 673 que
787 599 955 658 continetur
978 618 996 657 a
1022 599 1092 656 dua-

78 689 135 746 bus
158 686 245 746 lineis
270 688 321 761 ab,
345 688 392 761 by,
416 704 483 744 cum
505 686 621 746 duobus
645 687 799 762 quadratis
819 688 907 747 factis
926 707 962 745 ex
980 688 1093 746 duabus
1121 701 1133 738 ὁ

77 777 167 836 lineis
191 777 241 851 ab,
265 776 319 835 bd:
343 795 413 852 ergo
437 794 503 834 oum
522 776 732 850 sumpserimus
754 777 819 836 loco
839 777 1013 852 superficiei,
1038 796 1094 851 que

169 965 187 1018 d
360 964 376 1017 b
549 981 566 1034 9
988 983 1005 1017 a

177 1034 558 1071 ,—„„-,-„„.„„.-.
992 1037 995 1071 r

78 1169 250 1228 continetur
272 1187 290 1226 a
313 1167 427 1226 duabus
445 1167 532 1226 lineis
556 1168 606 1240 ob,
630 1168 677 1241 by,
700 1187 766 1226 eum
786 1169 932 1243 quadrato
952 1169 1029 1226 lineo
1053 1187 1094 1241 oq

79 1257 318 1316 coniunctionem
341 1257 467 1316 duorum
491 1256 716 1332 quadratorum,
745 1277 801 1331 que
824 1257 901 1315 fiunt
923 1278 958 1316 ex
982 1257 1094 1315 duabus

78 1345 167 1405 lineis
182 1347 232 1420 ub,
250 1347 299 1419 by,
317 1349 348 1403 et
367 1345 566 1404 addiderimus
586 1363 651 1402 eam
670 1363 759 1420 supra
780 1346 903 1420 duplum
922 1346 1094 1420 superficiei,

80 1455 139 1511 que
164 1435 332 1494 continetur
355 1453 373 1492 a
396 1435 509 1494 duabus
532 1434 619 1493 lineis
642 1436 693 1508 ab,
716 1436 765 1508 by,
793 1435 849 1492 erit
875 1438 946 1493 tunc
972 1435 1095 1510 duplum
1110 1449 1134 1486 10

78 1523 259 1600 superficiei,
287 1542 345 1598 que
373 1524 542 1582 continetur
569 1543 587 1582 a
615 1523 728 1583 duabus
756 1523 842 1582 lineis
871 1525 921 1597 ab,
949 1526 997 1597 bc,
1029 1542 1095 1581 cum

79 1613 195 1672 duobus
223 1612 378 1688 quadratis
408 1613 495 1671 factis
524 1633 559 1671 ex
589 1613 702 1672 duabus
729 1612 816 1692 lineis
844 1614 895 1686 ab,
922 1614 961 1685 ὀρ
989 1612 1094 1687 equale

79 1702 249 1780 quadruplo
273 1701 453 1777 superficiei,
477 1721 533 1776 que
557 1702 725 1760 continetur
753 1720 770 1759 a
794 1701 907 1760 duabus
930 1701 1016 1759 lineis
1040 1701 1094 1774 ab,

78 1795 130 1867 op,
154 1810 221 1850 cum
244 1791 391 1866 quadrato
415 1791 494 1848 facto
519 1811 553 1848 ex
576 1791 655 1848 linea
679 1809 727 1864 oy.
779 1789 864 1858 Quod
886 1787 1026 1865 ,‚equale“
1050 1792 1095 1848 est

76 1881 275 1939 manifestum
308 1899 341 1936 ex
373 1879 548 1955 probatione
580 1880 674 1957 figure
711 1881 836 1955 septime
872 1878 959 1937 huius
990 1878 1094 1954 partis
1110 1891 1136 1929 15

79 1969 141 2028 Sed
163 1963 244 2026 linea
261 1969 302 2042 pb
322 1970 368 2027 est
386 1968 501 2044 equalis
520 1969 597 2027 linee
617 1970 666 2043 bd,
691 1987 760 2045 ergo
780 1969 903 2043 duplum
922 1967 1096 2042 superficiei,

77 2077 138 2135 que
162 2057 331 2116 continetur
353 2075 372 2114 a
395 2057 508 2116 duabus
531 2057 617 2116 lineis
645 2059 696 2130 ab,
719 2059 768 2130 by,
795 2075 861 2115 cum
889 2057 1095 2116 coniunctione

76 2147 206 2206 duorum
230 2146 457 2222 quadratorum,
486 2166 542 2221 quo
564 2146 640 2204 fiunt
664 2165 699 2204 ex
722 2145 836 2205 duabus
859 2146 946 2205 lineis
974 2147 1024 2220 ob,
1048 2147 1095 2219 by,

79 2234 163 2312 [eum
186 2235 334 2311 quadrato
357 2235 434 2294 linee
458 2233 511 2311 cp]
536 2238 581 2294 est
604 2235 708 2310 equale
732 2235 822 2311 duplo
842 2235 1014 2310 superficiei,
1038 2254 1095 2310 que

76 2325 249 2385 continetur
272 2343 290 2382 a
313 2324 427 2384 duabus
450 2325 537 2383 lineis
561 2325 611 2397 ob,
634 2325 685 2398 bd,
708 2343 774 2383 cum
795 2324 1001 2383 coniunctione
1025 2323 1095 2382 duo·
1110 2338 1135 2374 ‘20

73 2435 146 2473 rum
170 2414 392 2490 quadratorum,
416 2433 472 2488 que
491 2413 567 2471 fiunt
585 2433 621 2472 en
639 2413 752 2472 duabus
770 2413 856 2471 lineis
876 2415 926 2488 ab,
950 2415 999 2472 bd.
1038 2411 1096 2470 Sed

75 2503 241 2564 secundum
277 2503 484 2578 probationem
520 2502 614 2580 figure
651 2505 756 2576 quarte
791 2501 878 2560 huius
910 2502 1006 2576 partis
1039 2502 1097 2559 erit

75 2592 204 2668 duplum
223 2591 397 2666 superficiei,
421 2611 477 2666 que
497 2592 666 2651 continetur
688 2609 706 2648 a
725 2590 838 2649 duabus
861 2591 948 2650 lineis
972 2593 1022 2666 ub,
1046 2592 1095 2665 bd,

77 2701 148 2741 cum
171 2679 377 2739 coniunctione
402 2679 526 2738 duorum
550 2679 772 2755 quadratorum,
796 2699 852 2755 que
871 2680 947 2738 fiunt
971 2701 1005 2737 ex
1025 2680 1095 2737 dua-

75 2771 135 2830 bus
167 2769 254 2828 lineis
287 2770 337 2844 ab,
366 2770 416 2844 bd,
444 2770 550 2844 equale
578 2769 724 2844 quadrato
754 2769 834 2827 facto
864 2789 898 2827 ex
929 2769 1009 2827 linea
1038 2770 1095 2827 od:
1110 2783 1135 2821 as

75 2879 149 2936 ergo
183 2857 382 2933 quadruplum
414 2857 591 2932 superficiei,
628 2878 685 2933 que
723 2858 890 2916 continetur
927 2877 945 2915 a
981 2858 1095 2916 duabus

76 2947 167 3006 lineis
191 2949 240 3022 ob,
265 2949 315 3022 bd,
339 2965 405 3004 cum
424 2947 570 3021 quadrato
593 2948 673 3005 facto
698 2965 732 3003 ex
755 2947 834 3003 linea
857 2965 899 3019 up
923 2949 968 3006 est
991 2947 1095 3022 equale

150 3177 174 3294 tl3.
200 3170 347 3239 quadratis.
372 3203 405 3210 —
430 3176 471 3224 19.
496 3171 539 3224 est
558 3168 658 3237 equale
677 3167 762 3238 duplo
782 3170 905 3224 iteratur.
932 3201 964 3209 —
990 3175 1032 3224 25.
1053 3171 1096 3222 est

74 3259 151 3311 equa
163 3259 187 3296 e.

74 3458 138 3526 11st
159 3459 202 3510 est
219 3444 681 3538 ob²†b-9²=2ob·bp-t-d‘p²,
701 3471 767 3524 ergo
783 3454 836 3508 erit
854 3443 1093 3522 od²=4abbp

74 3551 111 3617 4-
128 3544 191 3618 (ῑρΊ,
210 3545 262 3616 vel,
281 3544 348 3613 quia
366 3547 404 3617 by
419 3573 449 3592 =
467 3546 515 3613 bd,
539 3543 594 3599 ad’
609 3571 642 3589 =
657 3546 722 3599 dub
740 3574 744 3582 ·
761 3545 850 3613 boi-t
866 3542 936 3614 W·
