2408 3848
119 166 183 231 356
406 163 571 218 ANARITII
589 161 846 218 COMMENTARH

90 395 92 399 .
118 337 173 395 dle:
202 353 272 412 ergo
299 335 342 393 cllo
369 337 414 393 est
440 333 604 392 rationalis.
654 332 724 408 Ipsa
752 349 821 391 vero
850 334 897 390 est
923 329 1066 388 adiuncta
1095 329 1132 388 ad

116 426 161 498 qd
182 423 372 497 rationalem,
396 441 465 500 ergo
486 422 529 496 ple
551 425 596 480 est
617 421 783 496 rationalis,
806 423 837 478 et
859 423 905 479 θεῖ
927 418 1071 478 adiuncta
1095 418 1133 478 ad

117 515 161 588 9d
192 513 382 587 rationalem,
416 514 447 570 θῖ
478 510 675 570 communicat
703 511 748 584 qd
778 509 811 567 in
842 508 1037 586 longitudine.
1094 507 1133 565 Et

120 602 211 660 etiam
239 600 407 676 superficies
435 618 475 660 cz
501 600 533 658 in
560 601 598 659 ab
621 602 667 658 est
688 599 838 673 medialis,
865 601 896 656 et
918 597 1047 674 duplum
1071 597 1133 655 cius

94 694 166 750 sest
188 689 324 766 mediale,
347 691 377 748 et
399 689 497 765 ipsum
520 691 565 748 θεῖ
587 688 693 764 equale
717 689 758 747 lc:
782 706 853 765 ergo
876 689 906 746 le
924 689 969 746 est
986 686 1133 745 medialis.

121 778 180 838 Sed
206 780 240 837 lcl
267 780 313 838 θεῖ
340 778 508 853 rationalis,
537 797 606 856 ergo
634 779 672 836 lcc
695 781 740 836 θεῖ
762 776 918 837 rationalis
941 776 1134 852 inpotentia

121 872 152 928 θῖ
178 868 429 926 incommunicans
454 869 499 942 pol
525 867 558 925 in
583 865 783 944 longitudinm
812 868 842 924 et
868 865 960 924 etiam
984 865 1134 940 quadrata

121 974 173 1032 az,
200 959 237 1016 ab
265 957 422 1015 coniuncta
449 957 647 1034 seiunguntur
669 955 760 1031 duplo
783 954 948 1031 superficiei
970 971 1011 1014 aa
1032 953 1066 1011 in
1089 956 1135 1030 ab,

122 1065 157 1104 eo
189 1046 268 1121 quod
300 1065 361 1104 una
393 1065 494 1104 earum
526 1047 571 1104 cst
601 1044 757 1103 rationalis
786 1046 816 1101 et
842 1043 938 1102 altera
965 1042 1072 1118 surda,
1105 1047 1135 1101 et

83 1135 189 1210 reipsa
217 1135 307 1193 etiam
334 1138 404 1194 sunt
430 1135 544 1194 maiora
572 1135 613 1210 cl,
641 1136 672 1191 et
691 1133 727 1207 pl
749 1132 915 1210 seiungitnr
937 1133 979 1191 lez
1007 1150 1080 1209 ergo
1103 1133 1137 1190 lot

122 1223 290 1300 seiungitur
321 1225 362 1283 le:
395 1243 465 1302 crgo
496 1224 538 1297 loy
569 1225 600 1282 et
630 1223 668 1280 lce
696 1223 728 1280 in
754 1221 890 1298 potentia
916 1223 1037 1280 tantum
1065 1223 1137 1280 sunt

122 1313 284 1372 rationales
308 1316 337 1370 θῖ
360 1313 621 1387 communicantes,
644 1331 714 1388 ergo
736 1329 775 1386 pc
798 1313 843 1369 est
860 1310 1034 1370 binomium.
1078 1308 1136 1369 Sed

120 1402 163 1476 plo
190 1405 236 1460 est
257 1402 353 1462 maior
375 1403 425 1477 loc,
449 1406 478 1461 et
501 1401 679 1477 quadratum
702 1418 742 1460 aa
763 1399 962 1458 communicat
985 1398 1136 1474 quadrato

122 1493 169 1566 ab,
194 1509 263 1568 ergo
286 1491 454 1566 superficies
475 1495 512 1564 pt
534 1489 731 1549 communicat
754 1487 919 1564 superficiei
937 1489 980 1563 tls,
1004 1508 1076 1566 ergo
1094 1489 1137 1563 yle

84 1592 110 1633 15
124 1578 321 1639 communicat
346 1580 388 1637 lclc
415 1580 446 1637 in
474 1579 668 1656 longitudine.
713 1577 871 1654 Propertio
898 1597 969 1637 vero
996 1577 1138 1653 quadrati

124 1687 164 1728 aa
187 1669 225 1727 ad
248 1668 431 1743 superficiem
454 1686 494 1728 cz
515 1667 547 1725 in
569 1669 609 1727 ab
632 1669 678 1726 θεῖ
700 1667 779 1726 sicut
801 1667 954 1742 proportio
974 1683 1014 1726 cz
1033 1665 1074 1724 ad
1091 1667 1138 1739 ab,

124 1760 155 1815 et
181 1756 334 1832 proportio
362 1775 402 1816 aa
429 1757 467 1815 ad
493 1758 531 1816 ab
560 1759 604 1814 est
629 1756 707 1814 sicut
728 1755 882 1832 proportio
906 1753 1075 1830 superficiei
1099 1773 1138 1814 aa

123 1845 155 1903 in
181 1847 219 1904 ab
248 1845 287 1903 ad
314 1845 495 1920 quadratum
521 1846 572 1904 ab:
600 1863 670 1922 ergo
693 1844 846 1920 proportio
871 1843 1012 1919 quadrati
1035 1861 1076 1926 qr
1100 1843 1139 1901 ad

125 1932 311 2008 superficiem
333 1951 373 1992 aa
394 1934 426 1990 in
448 1935 486 1993 ab
510 1936 555 1992 est
578 1932 656 1992 sieut
677 1934 831 2009 proportio
854 1931 1022 2009 superficiei
1045 1950 1087 1992 aa
1107 1932 1139 1990 in

85 2037 111 2077 ao
124 2023 162 2081 ab
194 2021 233 2078 ad
265 2021 446 2096 quadratum
476 2023 523 2082 ab.
578 2021 636 2080 Sed
667 2023 850 2098 quadratum
881 2039 921 2082 cc
953 2024 997 2080 θεῖ
1030 2023 1139 2098 equale

125 2109 292 2185 superficiei
315 2115 363 2186 pt,
392 2114 422 2169 et
449 2111 619 2188 superficies
646 2129 686 2172 cr
709 2111 741 2169 in
764 2113 802 2171 ab
825 2113 871 2171 est
894 2111 1010 2187 equalis
1033 2128 1138 2186 super-

124 2198 202 2257 ficiei
224 2200 275 2274 lou,
299 2201 328 2257 et
351 2200 532 2275 quadratum
553 2202 591 2260 ab
615 2203 660 2259 θεῖ
682 2201 788 2276 equale
811 2199 977 2276 superficiei
996 2200 1042 2258 tlt:
1067 2219 1138 2277 ergo

125 2288 278 2364 proportio
303 2292 339 2362 pt
365 2290 404 2347 ad
431 2291 475 2348 lm
502 2292 547 2348 est
574 2290 652 2348 sicut
678 2290 831 2365 proportio
860 2291 904 2348 lm
926 2289 964 2347 ad
990 2290 1031 2348 lle.
1080 2287 1140 2348 Sed

126 2377 279 2453 proportio
309 2382 346 2452 pt
377 2377 415 2436 ad
446 2379 491 2437 lm
518 2381 563 2437 est
590 2378 667 2437 sicut
693 2377 847 2454 proportio
872 2379 915 2452 pa
942 2378 982 2436 ad
1008 2379 1075 2452 tm,
1110 2382 1140 2438 et

86 2479 112 2520 as
125 2465 278 2541 proportio
305 2468 350 2525 eal
377 2467 416 2525 ad
443 2469 476 2525 lla
503 2470 548 2526 est
573 2467 652 2526 sicut
674 2467 826 2542 proportio
849 2468 902 2526 mlo
924 2467 962 2525 ad
984 2467 1038 2525 lclc:
1067 2487 1138 2545 ergo

126 2554 278 2629 proportio
299 2556 341 2629 pls
365 2556 403 2614 ad
426 2557 478 2614 lom
500 2559 545 2614 θεῖ
568 2556 644 2614 sicut
666 2557 818 2632 proportio
841 2557 894 2615 lem
912 2555 951 2614 ad
968 2557 1017 2615 lclr.
1055 2556 1138 2635 Ergo

127 2642 297 2718 superficies
322 2645 365 2718 pla
392 2644 424 2702 in
449 2646 491 2703 hle
519 2647 564 2704 θεῖ
593 2644 708 2721 equalis
731 2645 878 2721 quadrato
901 2645 965 2720 tm,
994 2665 1063 2723 ergo
1086 2647 1140 2721 plo,

126 2731 165 2790 lec
197 2735 267 2790 sunt
298 2732 356 2791 due
382 2733 459 2791 linee
487 2733 614 2809 diverse,
647 2736 677 2792 et
704 2733 764 2791 iam
791 2733 932 2793 adiuncta
960 2737 1004 2792 est
1032 2735 1071 2793 ad
1099 2736 1141 2810 lup

128 2820 297 2896 superficies
320 2822 435 2898 equalis
458 2825 563 2899 quarte
587 2822 727 2898 quadrati
748 2824 795 2898 loc,
819 2825 849 2881 θῖ
870 2823 1017 2880 minuitur
1036 2841 1140 2899 super·

88 2926 114 2965 ao
127 2909 207 2968 ficies
231 2910 387 2987 quadrata,
411 2913 440 2969 et
460 2913 496 2986 pl
518 2911 717 2971 communicat
734 2913 776 2971 lclc
793 2912 825 2970 in
843 2911 1043 2989 longitudine:
1068 2932 1140 2990 ergo

125 3000 168 3072 pk
189 3001 288 3074 potest
312 3018 403 3076 supra
425 3001 463 3059 loc
486 3019 554 3060 cum
576 3004 736 3078 augmento
760 3000 913 3077 quadrati,
939 3001 1029 3059 lateri
1053 3003 1142 3062 cuius

125 3088 169 3161 plo
194 3087 227 3145 in
253 3089 441 3166 longitudine
469 3089 675 3148 communicat.
722 3088 779 3148 Sed
804 3091 848 3164 plo
874 3089 1073 3150 communicat
1096 3094 1142 3166 pd

127 3177 159 3234 in
187 3178 385 3255 longitudine:
414 3197 483 3256 ergo
508 3197 549 3254 pc
575 3182 620 3237 est
646 3179 811 3238 binomium
838 3178 980 3254 primum,
1009 3183 1039 3237 et
1062 3181 1143 3240 illud

129 3268 182 3341 est,
205 3267 285 3342 quod
308 3266 508 3326 demonstrare
532 3268 689 3328 voluimus.

183 3476 224 3525 11,
244 3471 400 3542 seiungitur
415 3473 453 3544 le]
473 3472 630 3543 seiungitur
643 3473 673 3526 in
687 3471 873 3544 longitudine.
892 3504 925 3513 -
946 3476 987 3526 13.
1006 3489 1046 3527 aa
1066 3490 1146 3530 com-

123 3542 265 3617 municat]
282 3560 322 3601 cz
338 3543 548 3600 incomumicat.
