2408 3848
398 139 449 194 AD
467 138 653 194 EUOLIDEM
670 139 737 194 LIB.
751 139 784 194 X.
1025 140 1091 204 225

75 328 115 370 nc
134 312 203 367 sunt
218 307 469 367 communicantes
487 309 519 366 in
532 307 728 386 longitudine,
747 326 816 385 ergo
834 309 874 368 da
892 309 1092 368 communicat

78 417 125 459 ac.
172 398 230 456 Sed
253 397 435 472 quadratum
458 399 498 457 dn
521 401 566 456 est
587 398 743 472 rationale,
767 397 846 455 enim
869 399 909 458 da
931 401 977 456 est
998 399 1090 457 ratio-

21 519 26 531 ·
80 487 157 546 nalis
185 487 217 544 in
244 486 394 561 potentia,
426 505 496 563 ergo
525 485 705 562 superficies,
740 505 831 561 quam
856 487 1008 545 continent
1032 487 1089 546 due

80 576 158 634 linea
181 577 234 649 dn,
256 593 304 649 nc,
338 578 383 633 est
409 575 573 634 rationalis.
619 575 660 632 ut
683 575 849 634 ostenditur
874 575 978 651 etiam,
1010 576 1090 652 quod

79 664 229 741 quadrata
257 683 360 722 earum
388 663 547 723 coniuncta
572 666 644 722 sunt
665 665 826 738 rationale,
855 665 998 740 quoniam
1020 668 1090 724 sunt
1117 677 1130 718 s

80 754 199 829 equalia
223 753 369 828 quadrato
393 753 445 828 dc,
474 755 503 811 et
525 753 602 811 illud
625 753 683 828 est,
711 753 791 829 quod
814 754 1015 813 demonstrare
1038 774 1090 814 vo·

79 843 198 901 luimus.
821 890 823 895 .

170 931 233 988 Hec
257 931 358 988 autem
380 929 478 1008 figura
500 929 585 988 utilis
609 930 710 1008 existit
734 933 765 988 et
788 931 949 989 auxiliatur
970 931 1089 1008 figure

80 1021 249 1078 vicesime
272 1011 433 1099 ter01e1),
458 1018 656 1078 ubidicitur:
690 1018 791 1078 Onnis
813 1023 981 1094 superficies
1002 1025 1088 1079 recto-

80 1127 148 1167 nnn
171 1110 346 1183 caeninam
364 1111 495 1167 contento
513 1126 532 1166 a
550 1109 666 1167 dnotns
684 1109 767 1168 lincis
785 1110 961 1182 inpotentia
978 1114 1090 1168 tnnttin
1104 1122 1132 1160 1⁰

84 1199 360 1256 communicantibus
392 1200 445 1256 ont
476 1200 517 1255 cst
546 1198 680 1256 mediolis
712 1201 765 1256 ont
789 1199 950 1256 rationalis.
1004 1197 1089 1266 Quod

81 1285 150 1344 ideo
174 1289 227 1360 est,
250 1286 400 1361 quoniam,
423 1279 492 1364 (si)
512 1284 569 1344 due
587 1286 666 1344 linae
683 1287 731 1360 nic,
749 1286 782 1343 ici
799 1285 882 1344 illius
903 1285 998 1362 figure
1022 1305 1089 1346 oon-

81 1375 180 1432 tinent
212 1375 409 1450 superficiem,
442 1374 500 1432 erit
526 1375 696 1449 superficies
723 1375 777 1432 illa
800 1375 915 1449 equalis
942 1375 1089 1450 quadrato

566 1464 646 1522 facto
675 1483 709 1521 ex
736 1465 782 1523 ira.
839 1462 897 1521 Sed
929 1464 985 1521 due
1012 1464 1089 1522 linee

78 1543 122 1626 “f--
304 1527 321 1580 k
411 1526 421 1578 l
470 1543 496 1579 m
566 1553 608 1612 alt
648 1555 679 1610 et
718 1553 753 1610 tlt
803 1555 871 1610 sunt
915 1552 1089 1611 latitudines
1104 1565 1130 1605 15

90 1634 92 1719 l
566 1641 695 1699 duarum
731 1640 952 1716 superficierum
983 1641 1036 1716 loli,
1065 1643 1091 1699 tl

565 1730 646 1789 illius
680 1729 792 1807 figure,
829 1749 886 1806 que
923 1732 994 1788 sunt
1029 1749 1089 1788 me-

566 1819 672 1878 diales:
697 1838 766 1896 ergc
784 1820 838 1894 lcii,
856 1821 883 1877 tt
905 1821 976 1877 sunt
997 1818 1089 1878 ratio·

564 1909 648 1967 nales
670 1908 702 1965 in
724 1908 868 1983 potentia.
907 1908 970 1966 Nos
989 1911 1090 1966 autem

80 1997 143 2052 iam
165 1996 332 2054 invenimus
355 1997 387 2053 in
405 1997 461 2055 hac
478 1997 583 2075 figura,
606 2015 695 2072 quam
714 1997 876 2072 posuimus,
899 1997 974 2056 duas
995 1997 1089 2056 lineas
1103 2009 1131 2048 ²⁰

81 2084 244 2142 rationales
270 2087 389 2142 tantum
416 2085 448 2143 in
475 2085 612 2160 potentia
640 2089 670 2144 et
692 2087 877 2144 continentes
905 2085 1090 2162 superficiem

81 2171 266 2230 rationalem.
305 2172 449 2231 Similiter
471 2193 541 2251 ergo
565 2174 720 2251 contingit,
742 2177 779 2233 ut
801 2175 862 2233 sint
879 2174 937 2232 due
956 2175 1032 2232 lineo
1051 2176 1090 2234 alc

83 2261 170 2319 etti
201 2261 385 2320 continentes
414 2262 597 2337 superficiem
627 2263 805 2320 rationalem
837 2265 892 2320 aut
917 2262 1088 2340 medialem;

83 2352 113 2408 et
135 2349 211 2406 illud
234 2352 292 2423 est,
315 2351 396 2424 quod
418 2351 619 2410 demonstrare
641 2351 801 2409 voluimus.

170 2438 211 2496 Et
237 2438 294 2496 hoc
320 2440 378 2513 est,
406 2439 485 2514 quod
512 2459 571 2498 non
594 2458 695 2500 omnes
723 2439 779 2497 due
802 2439 880 2496 linee
903 2440 1089 2514 superficiem
1103 2454 1130 2494 as

83 2527 281 2602 continentes,
310 2547 367 2602 que
390 2528 422 2585 in
444 2528 631 2605 longitudine
654 2530 725 2586 sunt
747 2523 978 2606 <ir>rationales
1005 2533 1036 2588 et
1057 2531 1089 2588 in

81 2617 217 2692 potentia
234 2619 355 2675 tantum
368 2617 537 2692 rationales,
557 2616 742 2693 superficiem
757 2617 911 2676 continent
923 2618 1088 2694 medialem,

82 2706 134 2764 sed
148 2707 239 2764 etiam
249 2705 402 2765 continent
410 2706 596 2782 rationalem,
610 2706 686 2765 siout
696 2709 847 2765 ostensum
857 2707 910 2764 est.
929 2707 1101 2766 Euonmns.

81 2815 200 2870 quoque
222 2795 299 2852 illud
322 2796 498 2872 assignavit,
522 2795 771 2870 quemadmodum
794 2795 920 2853 diximus
943 2814 1034 2869 nunc,
1058 2795 1089 2853 in

81 2883 178 2961 figura
205 2884 345 2942 vicesima
372 2884 473 2942 tercia.
519 2883 577 2942 Sed
600 2885 679 2960 quod
705 2885 769 2960 ipse
795 2884 863 2960 plus
888 2885 1005 2943 loeutus
1029 2884 1088 2943 fuit
1102 2898 1129 2936 80

79 1826 98 1917 t
307 1871 419 1918 tn

78 2972 117 3030 de
141 2973 236 3031 surdis
260 2991 350 3048 quam
369 2973 404 3030 de
423 2972 628 3048 rationalibus,
652 2992 743 3032 causa
761 2973 822 3032 fuit
838 2971 933 3050 figure
951 2973 1088 3033 habentis

154 3146 195 3194 10.
223 3143 358 3194 contante
384 3143 413 3195 et
437 3141 553 3197 duabus.
583 3174 616 3182 —
646 3149 687 3197 11.
716 3141 1026 3200 incommunioantibus
1054 3174 1087 3184 -

81 3215 123 3262 27.
144 3211 328 3283 superficiem]
348 3212 462 3266 esulum.
483 3245 518 3253 -
536 3218 578 3267 31.
598 3213 702 3286 surdis]
721 3213 817 3269 sard’i.

83 3312 117 3319 -—

154 3373 179 3438 1)
193 3372 328 3424 Encnmns
338 3371 372 3439 X,
382 3378 416 3425 23
431 3372 582 3440 (Gauranos
596 3373 679 3441 idem,
694 3373 861 3427 Hammonis
871 3374 904 3443 X,
915 3376 974 3439 25):
994 3372 1088 3428 Omnis

81 3442 246 3508 cnwficics,
267 3460 348 3512 qnam
366 3445 575 3499 continentiae
593 3446 662 3499 tinec
680 3445 806 3500 niediolcs
821 3445 1008 3513 potentialiter
1026 3450 1087 3499 tan·

80 3517 139 3565 tun
157 3515 391 3582 conninnicentes,
409 3521 459 3570 ont
476 3517 622 3571 rationales
640 3523 679 3572 eat
696 3522 746 3571 ont
763 3517 902 3572 cecitatis.

135 3610 219 3652 domm.
234 3613 263 3652 ad
276 3612 366 3654 nueud.
380 3613 414 3655 ed.
429 3612 541 3658 Ourtze.
915 3603 956 3651 W
