2408 3848
395 155 445 208 AD
464 154 650 210 EUCLIDEM
667 156 733 212 LIB.
749 159 781 213 X.
1027 160 1097 224 243.

85 323 234 385 medialis:
267 342 337 400 ergo
370 324 537 384 coniunctio
570 325 695 384 duorum
725 327 938 402 quadratorum
960 347 1013 403 su,
1039 348 1095 388 mu

86 416 131 470 est
148 412 292 470 mediatio.
327 411 544 490 Orthogonium
563 433 689 490 quoque,
708 416 787 491 quod
806 417 959 476 continent
976 412 1095 496 (lineo)

84 500 226 559 habentes
249 503 296 576 of,
318 503 368 575 fq,
396 505 441 560 est
464 503 629 561 seiunctum
652 504 852 564 ooniunotioni
875 506 999 565 duorum
1022 515 1109 583 qua·'

85 591 240 648 dratorum
262 609 316 665 aa,
338 585 444 669 (Μὴ,
467 610 523 666 que
546 595 674 667 equatur
695 597 735 668 rt,
759 594 840 670 quod
861 595 927 655 ideo
947 599 1000 672 est,
1023 596 1094 671 quia

84 1381 251 1457 superficies
274 1401 331 1457 aq,
357 1402 413 1457 que
437 1381 605 1441 continetur
627 1400 645 1440 a
668 1380 781 1440 duabus
804 1380 891 1439 lineis
909 1383 954 1456 ss,
972 1384 1017 1456 sq,
1047 1387 1091 1443 est
1117 1412 1130 1452 5

84 1472 196 1545 equalis
211 1471 378 1547 superficiei
395 1476 437 1546 te,
456 1473 487 1529 et
505 1471 562 1529 dno
582 1470 729 1546 quadrata
747 1488 801 1545 sn,
818 1488 874 1528 nm
887 1473 956 1529 sunt
970 1473 1090 1546 aqualia

83 1561 250 1635 superficiei
277 1565 319 1619 ot.
366 1559 424 1618 Sed
450 1561 495 1619 od
522 1563 568 1619 est
595 1560 728 1618 seiuncta
750 1560 802 1634 do,
826 1577 896 1635 ergo
920 1560 1089 1634 superficies

82 1654 118 1708 at
152 1652 197 1709 est
233 1650 368 1709 seiuncta
399 1653 441 1708 te:
478 1668 548 1726 ergo
581 1648 638 1707 duo
671 1648 817 1724 quadrata
848 1665 902 1721 aa,
934 1666 989 1706 um
1020 1654 1090 1708 sunt

82 1739 215 1798 seiuncta
246 1738 410 1814 superficiei
436 1757 491 1812 uq3
525 1741 555 1796 at
585 1736 662 1796 illud
689 1739 748 1812 est,
779 1736 858 1812 quod
888 1737 1088 1798 demonstrare

80 1829 236 1887 voluimus.
937 1816 940 1823 V
1103 1858 1130 1897 ro

169 1916 267 1986 Quod
294 1916 470 1991 sequitur,
498 1905 797 1996 quinquagesimo
826 1907 957 1996 sexte1)
987 1916 1086 1974 addi-

80 2007 154 2061 tum
178 2006 239 2062 est.

168 2092 236 2150 Non
257 2095 356 2151 autom
378 2093 548 2150 nominatur
571 2110 615 2167 oa,
634 2110 691 2167 que
709 2094 810 2167 potest
828 2110 918 2167 supra
936 2093 1085 2168 modiatio,

79 2180 137 2238 nisi
147 2181 287 2256 quoniam
297 2181 595 2255 quadratumfaotum
609 2198 645 2237 ex
657 2197 695 2252 sq
709 2182 754 2238 est
768 2180 872 2255 equale
887 2181 1091 2246 coniunctioni

80 2269 205 2327 duorum
227 2268 443 2345 quadratorum
464 2270 513 2344 ss,
531 2270 567 2341 fq
586 2271 616 2326 et
634 2268 724 2342 duplo
743 2267 917 2345 superficiei,
941 2289 996 2344 que
1018 2289 1126 2341 oon-15

78 2358 191 2416 tinetur
218 2377 237 2416 a
263 2357 349 2416 lineis
373 2359 420 2432 εἴ,
441 2358 485 2431 fq.
537 2356 595 2414 Sed
621 2355 679 2414 duo
707 2355 854 2431 quadrata
881 2358 927 2431 εἴ,
954 2359 990 2431 sq
1017 2363 1086 2418 sunt

28 2455 60 2503 48
78 2447 232 2522 mediata,
260 2449 290 2505 et
313 2446 436 2522 duplum
458 2445 622 2521 superficiei
643 2443 647 2517 Ι
668 2446 804 2503 contente
827 2463 846 2502 a
868 2445 954 2504 lineis
981 2448 1028 2523 af,
1049 2450 1086 2521 fq
1124 2477 1127 2506 2

79 2540 124 2594 est
145 2536 285 2595 modiolo:
309 2554 378 2613 ergo
400 2535 481 2594 linea
502 2536 608 2610 potens
631 2551 722 2608 supra
744 2552 780 2592 ea
802 2535 900 2608 potest
919 2552 1008 2610 supra
1027 2536 1084 2595 duo

77 2616 257 2707 medialia.2)

165 2713 204 2772 Id
235 2732 333 2789 vero,
369 2713 469 2772 ouius
502 2710 750 2771 testimonium
782 2713 837 2769 est
869 2712 1123 2785 conveniensqo

76 2803 222 2880 figuris,
254 2822 320 2879 que
352 2804 554 2878 sequuntur
587 2799 921 2876 quinquagesimam
947 2804 1083 2860 sextam

76 2892 232 2969 figuram
254 2893 290 2949 in
312 2890 481 2950 binomiis
505 2891 541 2949 et
561 2888 718 2949 residuis
742 2891 796 2947 ost
818 2888 881 2948 heo
903 2889 1032 2967 figura.
1126 2927 1130 2956 ι

147 3067 188 3116 11.
207 3059 439 3131 quinquagesima
458 3061 544 3114 sexta.

147 3241 172 3308 1)
200 3239 336 3292 Eucnmns
358 3238 396 3307 X,
416 3243 449 3292 56
478 3236 629 3307 (Gauranos
647 3235 685 3304 X,
705 3240 751 3303 533
778 3234 945 3294 Humanums
964 3236 1002 3306 X,
1022 3240 1088 3307 59):‚

75 3309 106 3363 Si
125 3310 242 3364 dinamio
260 3317 334 3365 sexto
352 3311 476 3379 lineaque
488 3308 623 3364 rationali
635 3308 788 3376 superficies
800 3307 979 3376 contineatur,
998 3309 1080 3376 tinea,

75 3397 124 3448 que
142 3381 174 3433 ia
192 3397 251 3434 eom
265 3387 361 3450 potest,
377 3382 409 3435 in
427 3383 482 3436 duo
499 3380 565 3451 [ia]
582 3379 713 3433 mediatio
726 3384 823 3447 potens
841 3395 895 3433 ease
909 3381 1051 3448 probatur.
1125 3392 1127 3396 ·

146 3453 172 3519 2)
190 3450 295 3506 Videas
312 3451 442 3506 Eucnrms
460 3451 606 3505 Hnrnnuun
624 3448 676 3504 vol.
695 3448 741 3519 ΙΠ,
759 3467 786 3518 p.
803 3449 935 3522 398s399,
955 3456 996 3504 21.
1033 3449 1078 3503 Ad

73 3521 216 3576 librumX
234 3539 312 3592 prop.
327 3529 368 3578 41.

885 3606 941 3660 KQ*
