2408 3848
113 125 157 191 90
402 122 843 178 uulauuuoomrauueau

202 295 409 370 Exemplum
441 293 590 351 secundi
616 293 853 352 theorematis
881 311 899 351 a
926 288 1130 376 numeris¹)

201 383 324 458 Ponam,
347 385 382 441 ut
404 382 484 441 linea
503 384 544 440 ab
568 381 607 440 sit
629 401 778 457 numerus,
803 382 855 457 qui
878 384 924 441 est
944 384 997 458 10,
1021 385 1051 443 et
1069 383 1131 442 iam

112 472 205 532 fuerit
232 472 328 530 divisa
354 472 386 530 in
411 471 486 530 duas
510 471 653 530 sectiones
677 471 708 528 in
731 474 842 546 puncto
863 489 897 546 y,
924 474 956 530 θὴ
978 471 1020 531 sit
1042 490 1087 548 ap
1111 475 1129 532 3

114 582 149 621 ex
163 561 304 635 numeru,
323 564 353 619 θὴ
367 560 447 619 linea
486 604 491 615 .

85 652 153 725 spo
186 651 226 710 sa
260 653 287 707 7.
351 650 446 707 uani-
484 627 764 730 ,,,,,,,,,,,,,-Ϊ,
825 709 829 715 .
876 635 949 732 --js
1028 630 1044 678 ³
1104 696 1132 735 ,a

112 742 223 800 festum
264 742 325 814 θεὴ,
366 738 447 814 quod

112 827 324 904 multiplicatio
343 829 393 904 ab,
417 846 475 903 que
499 830 544 886 est
564 830 614 901 10,
638 828 669 886 in
693 847 723 886 se
747 828 843 904 ipsam
867 831 912 887 est
935 831 1054 906 equalis
1079 831 1131 906 eis,

112 937 170 993 que
198 920 418 994 congregantur
447 935 482 973 ex
506 916 756 992 multiplicatione
779 919 835 992 ab,
863 937 920 993 que
944 920 990 977 est
1015 922 1073 994 10,
1100 920 1133 979 in

112 1025 353 1082 unumquemque
389 1005 516 1064 duorum
552 1025 757 1081 numerorum,
793 1006 845 1082 qui
878 1010 950 1066 sunt
983 1009 1002 1066 3
1037 1012 1070 1068 et
1103 1013 1131 1069 7.

73 1108 99 1146 10
114 1094 260 1164 Quoniam
285 1098 327 1155 10
349 1095 381 1153 in
405 1097 423 1153 7
448 1098 493 1154 θεὴ
518 1096 573 1168 70,
602 1098 632 1152 θὴ
656 1097 699 1155 10
721 1096 752 1152 iu
777 1096 795 1154 3
820 1099 866 1154 est
888 1096 1030 1173 triginta:
1058 1117 1130 1176 ergo

113 1184 282 1244 coniunctio
306 1203 408 1243 eorum
432 1185 574 1256 est1003
597 1187 628 1243 et
649 1184 724 1242 illud
749 1188 802 1258 est,
826 1184 906 1260 quod
925 1184 1131 1246 demonstrare

111 1273 269 1332 voluimus.
277 1265 303 1354 ²)

200 1361 285 1421 Dixit
298 1363 430 1421 Yamus:
450 1361 618 1421 Secundum
636 1362 758 1421 modum
777 1361 981 1422 dissolutionis
1000 1365 1132 1441 exempli

113 1469 204 1510 causa
226 1470 336 1527 ponam
358 1451 469 1510 lineam
491 1454 605 1510 rectam
628 1452 679 1526 ab,
702 1470 793 1527 quam
816 1451 949 1511 dividam
971 1453 1003 1510 in
1027 1453 1131 1514 divisi-

73 1551 99 1591 15
113 1560 196 1616 oues,
230 1541 439 1617 quoquomodo
466 1541 572 1615 fuerit,
603 1557 694 1616 supra
720 1543 865 1615 punctum
885 1559 913 1614 p.
965 1538 1132 1602 Ostendam

112 1630 213 1708 igitur,
237 1631 318 1707 quod
341 1630 523 1704 quadratum

112 1722 154 1778 ab
194 1723 239 1778 est
276 1719 381 1794 equale
420 1736 522 1793 super·
564 1711 1132 1820 b---.-.--.„-i-.--.„„-‘,‘

111 1808 202 1882 ficiei,
229 1827 287 1882 que
311 1806 481 1865 continetur
504 1826 522 1864 a

112 1896 227 1954 duabus
252 1895 339 1952 lineis
363 1897 418 1969 ab,
442 1896 494 1970 09,
526 1914 594 1954 cum
621 1897 776 1972 superficie
799 1899 936 1955 contente
965 1915 983 1955 a
1012 1897 1130 1958 duabus

71 1995 98 2034 2⁰
111 1984 197 2043 lineis
235 1986 289 2058 ab,
322 2001 372 2057 cp.
433 1981 558 2059 Oportet
595 1984 703 2062 igitur,
744 1988 780 2044 ut
815 1985 978 2062 imaginem
1018 1986 1131 2047 lineam

112 2075 153 2133 ab
182 2074 256 2132 duas
284 2072 378 2130 lineas
407 2075 540 2148 equales,
573 2093 702 2150 quarum
734 2093 794 2132 una
821 2074 861 2133 sit
888 2075 1003 2135 scilicet
1033 2075 1130 2136 divisa

112 2151 148 2222 et'
174 2164 270 2220 altera
306 2161 442 2220 indivisa.
502 2163 695 2222 Manifestum
732 2166 777 2222 est
812 2163 921 2240 igitur,
959 2164 1040 2240 quod
1073 2166 1129 2225 due

111 2253 189 2310 lince
222 2253 293 2308 sunt
325 2252 453 2326 equales
518 2252 585 2310 Erit
619 2272 688 2328 crgo
721 2252 905 2328 superficies,
942 2272 1001 2329 que
1035 2255 1129 2314 conti-

111 2343 200 2399 netur
232 2340 269 2398 ab
301 2340 347 2398 his
375 2340 489 2398 duabus
517 2341 604 2399 lineis
632 2342 805 2417 equalibus
836 2341 952 2417 equalis
981 2343 1129 2417 quadrato

71 2437 97 2478 25
111 2429 201 2487 unius
225 2448 336 2487 earum.
383 2429 429 2488 sit
451 2430 556 2505 itaque
580 2431 695 2506 equalis
720 2431 867 2506 quadrato
891 2432 940 2490 ab.
987 2430 1070 2509 Ergo
1095 2452 1130 2490 ex

112 2538 155 2594 eo,
176 2519 256 2594 quod
275 2518 460 2576 declaratum
478 2522 524 2576 est
543 2539 578 2577 ex
596 2520 772 2594 probatione
790 2519 884 2596 figure
903 2519 998 2595 prime
1017 2516 1128 2599 <huius

111 2604 240 2684 partis),
269 2608 326 2665 erit
354 2608 521 2666 coniunctio
550 2608 678 2666 duarum
706 2608 939 2683 superficierum,
969 2627 1026 2685 que
1052 2609 1130 2670 fiunt

112 2717 147 2754 ex
170 2697 249 2755 linea
273 2696 400 2755 indivisa
424 2717 491 2755 cum
514 2697 708 2757 divisionibus
732 2716 787 2771 op,
808 2699 862 2773 pb,
892 2697 1007 2772 equalis
1028 2718 1129 2776 super-

111 2785 201 2861 ficiei,
229 2805 286 2861 que
315 2786 484 2844 continetur
512 2805 530 2844 a
557 2786 636 2844 linea
664 2786 793 2845 indivisa
817 2790 847 2844 et
869 2786 949 2845 linea
973 2789 1024 2847 ab.
1072 2787 1130 2848 Sed

184 2979 207 3026 7.
227 2972 261 3026 ei.
285 3005 318 3012 —
344 2978 384 3027 10.
405 2973 472 3026 Post
488 2972 607 3042 triginta
625 2974 754 3028 iteratur:
780 2975 809 3027 θὴ
829 2979 861 3027 10
880 2973 910 3027 in
930 2978 944 3027 7
965 2976 1008 3028 est
1029 2981 1071 3029 70.
1094 3009 1125 3016 -

112 3048 154 3099 27.
175 3061 229 3112 que
248 3043 331 3115 fiunt]
351 3045 380 3097 θὴ
398 3043 491 3098 fucrit.

183 3221 465 3290 1)Eucr1nrs11‚2:
494 3221 525 3276 Si
546 3223 632 3289 fucrit
655 3223 729 3276 liaeo
751 3224 892 3292 inpostea
915 3223 1021 3289 divisa,
1046 3225 1129 3292 illud,

112 3295 184 3364 quod
202 3313 235 3348 ea
253 3296 337 3349 ductu
355 3295 438 3348 totius
456 3294 524 3346 tinec
544 3295 576 3347 ia
593 3311 620 3348 sc
638 3295 728 3362 ipsam
745 3295 790 3361 fit,
814 3311 911 3364 cqucuu
929 3295 1056 3363 scithis,
1080 3313 1132 3366 que

111 3382 145 3419 ex
163 3367 247 3420 ducta
266 3367 384 3420 eiusdem
401 3365 433 3418 ia
452 3380 541 3418 ornnes
559 3382 625 3419 suas
640 3372 741 3434 partes.
770 3365 830 3419 Hoc
845 3367 895 3435 θεὴ,
916 3364 940 3418 si
958 3383 1022 3419 aa
1034 3368 1049 3421 0
1062 3369 1131 3437 -Ι-θ,

113 3435 167 3491 erit
186 3436 273 3490 etiam
292 3436 516 3504 o²=ab-l-ac.

184 3507 735 3578 2)10²=10·a†10·7=30†7o.
