2408 3848
434 133 484 186 AD
503 132 688 188 EUOLIDEM
707 133 773 189 ΠΒ.
787 134 808 190 I.
1084 136 1123 198 11
1170 128 1172 134 ’

97 301 395 377 comprehendit,
428 305 491 359 aut
523 303 641 377 spatio
678 302 868 377 linearum,
908 323 974 378 que
1012 305 1125 379 ipsam

54 460 57 466 ,
105 391 425 466 comprehendunt.
476 391 556 468 Ergo
587 392 641 449 heo
669 390 808 450 diffinitio
836 392 893 450 erit
920 396 1067 455 rectarum
1095 397 1125 452 et

109 498 171 537 non
194 482 350 538 recturum.

200 568 284 626 Dixit
303 569 475 628 Euenmns:
489 564 627 641 Aupclcs
640 571 835 642 superficialis
851 574 892 628 cst
908 571 1056 629 teclueate'o
1070 572 1124 629 dee·

111 675 198 715 areum
221 659 366 716 le'eeerusm
387 659 420 715 e'e
446 675 508 715 ereo
535 660 687 730 superstete
713 659 769 717 se'bc'
796 660 970 717 obetcetdem
995 677 1055 718 noe
1081 677 1123 718 se·
1140 663 1164 712 's

111 746 239 804 ceredum
261 747 460 804 rectitudinem
476 747 649 818 positurum.

72 837 91 885 9
200 833 297 909 Supra
315 835 370 894 boc
391 828 394 912 l
416 833 660 894 Senmnmcmus:
689 834 855 910 Postquam
877 837 1035 895 uouemus
1063 839 1123 894 tra·

110 923 205 981 ctuvit
223 924 258 982 de
274 925 353 982 linea
373 927 402 982 et
421 922 583 998 superficie,
606 925 712 998 incipit
729 925 814 999 loqui
833 924 868 983 de
892 925 1002 1002 angulo
1022 945 1123 1000 super-

109 1011 210 1086 fideli,
234 1013 376 1087 quonium
399 1013 444 1070 est
465 1011 580 1070 medius
604 1031 713 1086 eorum,
741 1016 771 1070 et
794 1012 881 1087 dixit,
908 1014 987 1089 quod
1011 1017 1055 1072 est
1077 1015 1123 1072 in-

110 1101 233 1159 clinatio
261 1102 388 1159 duarum
414 1101 562 1158 linearum
588 1101 620 1158 in
647 1120 708 1158 une
736 1101 889 1176 superficie
918 1103 974 1160 sibi
1002 1117 1163 1161 concur-1⁰

109 1191 240 1248 rentium
277 1193 307 1248 et
342 1209 402 1248 non
438 1188 600 1248 secundum
640 1190 848 1248 rectitudinem
888 1192 1122 1250 coniuncturum.

110 1277 208 1346 Quare
232 1279 307 1336 dixit
330 1279 384 1354 „in
405 1273 519 1356 (une)
542 1276 770 1353 sup‘erficie“,
798 1274 886 1356 <est>
910 1298 957 1354 eo,
982 1280 1074 1355 quod,
1098 1282 1124 1339 si

84 1442 87 1448 Ι
109 1367 167 1424 due
190 1362 310 1445 <linee>
333 1367 492 1425 secundum
510 1367 589 1424 hunc
611 1366 733 1425 modum
754 1366 859 1425 fierent
882 1369 913 1424 in
931 1387 1051 1444 corpore
1071 1372 1123 1428 eut

110 1457 142 1512 in
165 1455 281 1521 duabus
304 1455 524 1530 superficiebus,
547 1474 607 1513 non
630 1459 707 1514 esset
735 1475 769 1514 ex
797 1457 838 1514 eis
866 1457 994 1533 ungulus
1022 1477 1121 1532 super-

108 1544 227 1619 ficialis,
251 1545 302 1603 sed
325 1545 485 1619 diceretur,
508 1543 589 1620 quod
614 1547 690 1604 esset
713 1546 842 1622 ungulus
869 1545 1063 1620 superficialis
1090 1548 1162 1604 in1e

107 1635 252 1708 potentie.
282 1632 425 1692 Similiter
439 1652 555 1708 quoque
573 1631 766 1710 [superficies]
793 1634 865 1709 „Ex
884 1633 1019 1692 duabus
1038 1654 1121 1694 vero

108 1720 240 1781 lineis“
260 1721 343 1797 dixit,
367 1723 437 1797 quie
460 1722 643 1798 impossibile
671 1726 716 1782 est
742 1724 885 1800 angulum
908 1717 1122 1798 superficialem

107 1830 144 1868 ex
162 1829 222 1868 unu
240 1812 320 1870 linea
337 1811 409 1886 fieri,
428 1831 523 1886 neque
543 1815 588 1870 est
605 1811 754 1887 possibile,
773 1814 808 1869 ut
826 1831 861 1870 ex
877 1811 1012 1887 pluribus
1032 1831 1122 1888 quem

108 1899 222 1958 duabus
240 1899 303 1975 fiat,
322 1899 373 1958 sed
388 1903 473 1958 erunt
487 1901 576 1958 multi
590 1901 701 1977 anguli.
733 1900 851 1975 „Duas
874 1920 957 1960 vero
981 1899 1121 1960 linees“

108 1987 184 2046 dixit
208 1991 237 2046 et
259 1989 335 2046 nihil
356 1988 437 2064 plus,
465 1991 495 2047 et
517 2007 577 2047 non
600 1988 675 2047 dixit
703 1989 810 2063 „duas
837 1991 953 2048 lineas
981 1987 1161 2050 recludo

106 2077 184 2151 ideo,
206 2080 241 2135 ut
263 2078 316 2136 hec
339 2077 478 2136 diffinitio
497 2077 757 2153 comprehenderet
775 2097 875 2137 omnes
898 2079 1009 2154 species
1028 2097 1120 2156 engu-

106 2167 205 2224 lorum
228 2166 472 2241 superficialium:
496 2185 544 2225 eos
567 2167 688 2241 scilicet,
712 2185 785 2241 quos
809 2167 864 2226 due
886 2171 966 2226 recte
990 2186 1120 2243 compre-

106 2255 241 2313 hendunt
259 2256 345 2329 lineo,
365 2258 395 2313 et
413 2274 486 2330 quos
505 2255 561 2312 due
580 2255 751 2314 circonflexe
766 2256 1017 2330 comprehendunt
1034 2258 1120 2315 lineo.

107 2343 196 2401 Telos
220 2347 289 2402 sunt
311 2344 424 2402 scilicet
447 2345 587 2421 angulus,
615 2345 666 2420 qui
694 2344 728 2402 fit
756 2363 790 2402 ex
818 2344 931 2402 duabus
954 2345 1040 2403 lineis
1064 2346 1119 2403 oir-

105 2431 245 2492 eonflexis
269 2451 287 2490 e
309 2435 395 2508 parte
418 2433 551 2509 gibbosa‚
574 2436 604 2491 et
622 2434 698 2492 elius
717 2452 735 2490 e
753 2436 839 2508 perte
862 2452 960 2492 curva.
1002 2433 1119 2509 Species
1134 2444 1160 2485 25

105 2540 248 2598 generum
267 2521 452 2598 angulorum,
476 2522 527 2596 qui
545 2521 620 2579 fiunt
640 2542 675 2579 ex
691 2522 771 2580 linea
789 2525 871 2581 recte
889 2526 919 2581 et
937 2523 1119 2599 circonflexa,

107 2610 160 2684 qui
183 2609 320 2668 dicuntur
343 2603 483 2687 corneil),
515 2614 585 2669 sunt
607 2610 676 2668 due:
708 2611 805 2686 prime
833 2612 943 2686 speeies
972 2615 1024 2687 est,
1054 2631 1120 2670 cum

106 2699 234 2775 angulus
262 2698 296 2756 fit
324 2698 359 2756 e'x
385 2699 465 2757 linea
491 2701 573 2758 rectu
600 2700 757 2757 coniuncta
788 2700 959 2758 circonflexe
988 2720 1006 2758 e
1033 2705 1119 2776 perte

105 2786 243 2864 gibbosa3
268 2789 403 2863 secunda,
427 2807 493 2846 cum
515 2787 550 2846 fit
568 2789 693 2865 ungulus
713 2808 747 2847 ex
765 2789 845 2847 linea
863 2793 944 2848 recte
962 2791 1120 2850 coniuncte

105 2876 279 2936 circonflexe
311 2896 329 2934 e
358 2878 445 2952 parte
478 2895 580 2951 curve,
617 2878 694 2935 sicut
725 2897 760 2936 ex
791 2879 975 2953 portionibus
1008 2880 1118 2937 circuli.
1134 2890 1160 2930 ³0

104 2965 293 3041 Angulorum
315 2969 450 3041 preterea
473 2968 542 3025 sunt
560 2966 652 3024 multe
671 2967 781 3041 species
800 2968 959 3026 secundum
983 2969 1118 3026 coniunc-

104 3053 219 3112 tionem
241 3055 387 3112 lineerum
405 3055 643 3129 compositarum.
684 3055 843 3114 ltuenrnus
866 3076 936 3116 vero
955 3056 1002 3114 hic
1026 3075 1118 3134 angu-

104 3143 170 3200 lum
192 3142 407 3224 superficielem
425 3144 633 3202 universaliter
652 3143 800 3203 diffinivit.
841 3145 911 3202 Ideo
930 3164 999 3203 vero
1018 3147 1119 3221 posuit

104 3263 319 3293 ,κῇ-,-

179 3335 220 3384 25.
241 3329 306 3384 elia.
325 3362 360 3370 -
379 3335 421 3384 30.
440 3329 677 3399 proportionibus.

105 3443 320 3452 ....------

180 3509 206 3577 1)
225 3506 410 3577 κερατοειὸής.
439 3506 492 3563 cfr.
512 3507 645 3564 Pnocuuu
663 3514 728 3579 104,
747 3513 793 3564 lt.
