2408 3848
121 161 186 226 282
407 163 572 217 ANARITH
591 161 848 218 COMMENTARII

120 330 273 406 proportio
301 331 440 406 quadruti
468 331 541 390 facti
568 351 603 390 cx
630 334 669 392 dc
697 334 734 391 ad
757 331 937 408 quadratum
959 333 1080 390 factum
1104 353 1141 393 ex

121 437 156 478 cz
184 422 229 477 est
256 419 509 495 sioutproportio
532 421 647 479 numeri
670 423 902 496 adnumerum,
929 421 981 480 sed
1005 441 1068 480 non
1094 427 1141 482 est

120 507 197 566 sicut
223 509 376 583 proportio
399 509 512 567 numeri
537 510 676 584 quadrati
699 511 737 568 ad
760 530 914 568 numerum
938 510 1140 585 quadratum:

121 615 191 672 ergo
218 597 298 654 linea
325 598 364 655 dc
392 601 437 655 θεῖ
464 598 595 657 seiuncta
622 599 699 657 lineo
728 617 762 658 cr
789 599 820 657 in
847 599 1051 675 longitudine,
1085 601 1141 659 sed

93 685 319 744 scommunicat
337 685 364 743 ei
386 686 419 743 in
441 687 576 761 potentia
598 691 722 763 propter
743 689 807 761 hoc,
830 687 909 762 quod
932 682 1138 766 (proportio)

119 773 259 848 quadrati
290 775 364 832 facti
396 795 432 833 ex
463 777 502 834 de
533 776 572 834 cd
602 777 782 851 quadratum
814 777 928 835 factum
960 796 996 834 er
1026 795 1062 836 cr
1092 782 1139 836 est

119 863 196 920 siout
218 863 371 938 proportio
394 859 552 942 (numeri)
575 867 617 923 ab
640 865 678 923 ad
698 884 852 923 numerum
871 867 919 938 by.
961 863 1007 922 Sit
1028 865 1137 941 itaque

119 951 298 1025 quadratum
325 953 438 1010 factum
461 973 497 1011 ex
519 956 559 1012 dc
580 953 660 1011 linea
682 955 729 1027 ot,
758 957 788 1012 et
811 953 991 1029 quadratum
1015 955 1136 1014 factum

120 1059 155 1097 ex
177 1041 217 1099 dr
238 1040 318 1098 linea
341 1043 386 1099 tc:
410 1061 479 1118 ergo
502 1043 656 1118 proportio
677 1042 817 1118 quadrati
834 1044 869 1100 ct
891 1042 929 1100 ad
948 1043 1136 1117 quadratum

80 1141 106 1181 10
119 1129 153 1185 tic
180 1131 225 1186 est
251 1130 327 1187 sicut
354 1131 508 1205 proportio
531 1131 646 1189 numeri
670 1133 710 1190 ab
733 1131 951 1189 adnumerum
974 1149 1029 1206 ap,
1060 1152 1134 1211 ergo

119 1216 176 1275 due
204 1217 280 1277 linee
307 1220 343 1276 tt
369 1222 399 1277 et
426 1220 459 1277 ur
485 1223 555 1277 sunt
582 1219 838 1279 communicantes.
890 1219 948 1278 Sed
974 1221 1009 1277 tt
1039 1224 1071 1279 θῖ
1101 1224 1136 1280 tic

118 1308 188 1364 sunt
216 1307 273 1367 duo
302 1307 452 1383 quadrata
476 1310 515 1367 cte
538 1311 568 1366 θῖ
591 1310 642 1384 dr,
671 1327 740 1385 ergo
763 1308 844 1366 linea
866 1311 906 1368 dc
928 1309 1136 1369 communicat

118 1395 194 1455 lineo
218 1398 258 1456 dr
279 1397 311 1454 in
333 1397 477 1471 potentie.
519 1396 576 1454 Sed
600 1397 779 1472 quadratum
802 1399 841 1456 dc
864 1400 910 1456 θεῖ
930 1397 1036 1472 equale
1058 1399 1134 1460 duo·

117 1483 173 1543 bus
198 1486 351 1561 quadratis
374 1488 414 1546 dc
437 1489 468 1544 θῖ
491 1504 533 1560 cr,
557 1487 698 1561 quoniam
722 1487 849 1563 angulus
872 1487 932 1545 dcc
954 1489 1000 1544 θεῖ
1018 1491 1133 1564 rectus

77 1584 102 1624 1⁵
117 1576 148 1632 θῖ
170 1575 349 1649 quadratum
372 1576 411 1633 dc
435 1578 480 1633 est
501 1576 581 1632 linea
603 1576 645 1649 tt,
669 1578 700 1632 ct
723 1575 906 1650 quadratum
924 1577 964 1634 dr
983 1578 1028 1633 θεῖ
1048 1576 1133 1635 linea

116 1663 161 1720 tr:
184 1666 318 1721 remanet
341 1682 419 1739 ergo,
442 1666 477 1720 ut
499 1664 680 1738 quadratum
703 1681 737 1722 ez
760 1663 800 1721 sit
821 1664 902 1721 linea
924 1664 972 1721 kh.
1020 1661 1133 1724 Osten-

116 1770 183 1810 sum
212 1755 256 1810 est
284 1754 397 1825 autem,
425 1750 504 1826 quod
526 1751 679 1826 proportio
702 1753 744 1810 ab
767 1752 804 1809 ad
828 1754 868 1826 by
891 1755 936 1809 θεῖ
959 1751 1036 1810 sicut
1061 1774 1133 1828 pro·

115 1841 214 1914 portio
237 1841 273 1897 tt
295 1840 333 1897 ad
356 1841 396 1896 ῖῖ.
439 1839 512 1897 Oum
536 1858 605 1916 ergo
630 1841 870 1916 converterimus,
893 1841 950 1898 erit
971 1843 1132 1915 proportio

115 1930 157 1986 bc
185 1929 223 1987 ad
246 1946 288 2000 cp
310 1928 388 1985 sicut
410 1921 563 2002 proportio
586 1929 619 1985 tic
643 1928 681 1986 ad
704 1930 744 1986 ῖῖ.
792 1929 849 1987 Sed
872 1931 905 1987 tt
928 1932 973 1987 θεῖ
995 1931 1132 2004 quadra-

74 2030 101 2070 20
114 2019 180 2074 tum
204 2018 243 2075 de
266 2019 296 2074 et
318 2017 359 2073 kh
383 2020 428 2074 est
450 2016 631 2091 quadratum
652 2035 699 2075 cz:
723 2037 793 2095 ergo
811 2018 964 2094 proportio
983 2019 1133 2093 quadrati

115 2107 154 2164 dc
181 2104 219 2163 cd
242 2105 422 2179 quadratum
445 2123 479 2165 cr
503 2108 547 2164 θεῖ
570 2106 648 2164 sicut
669 2107 822 2181 proportio
846 2107 960 2164 numeri
983 2108 1131 2182 quadrati

115 2194 153 2251 ad
180 2214 334 2252 numerum
362 2195 554 2271 quadratum,
584 2214 641 2270 que
670 2198 715 2253 cst
743 2195 819 2254 sicut
843 2195 997 2271 proportio
1021 2197 1065 2255 ba
1090 2200 1132 2257 ad

115 2301 168 2355 ap:
201 2302 270 2360 crgo
302 2283 381 2342 linea
413 2284 452 2342 dc
479 2284 677 2343 communicat
702 2284 780 2342 linec
809 2301 843 2343 cc
869 2285 901 2341 in
927 2284 1130 2361 longitudine.

114 2371 194 2448 Ergo
226 2372 305 2430 linea
337 2374 376 2431 dc
404 2372 487 2432 addit
514 2391 603 2447 supra
630 2373 740 2431 lineam
767 2375 807 2432 dr
833 2373 865 2430 in
892 2373 1027 2449 potentia
1056 2393 1130 2434 cum

73 2471 99 2512 2⁵
114 2460 284 2536 quantitate
308 2461 456 2537 quadrati,
481 2461 560 2538 quod
583 2464 627 2520 est
651 2481 686 2520 ex
708 2462 854 2536 lineare,
878 2463 1129 2524 communicantis

114 2548 170 2607 sibi
196 2549 228 2606 in
255 2550 454 2626 longitudinm
487 2554 517 2608 θῖ
543 2550 621 2608 illud
649 2553 706 2625 θεῖ,
733 2551 812 2627 quod
840 2551 1042 2609 demonstrare
1073 2573 1127 2613 vo-

112 2637 232 2697 luimus,

201 2727 425 2785 Antecedens
448 2727 642 2786 multarum
665 2720 908 2808 figuraruml)

203 2813 322 2874 Omnis
355 2816 449 2873 linee
481 2816 517 2873 in
549 2816 636 2874 duas
665 2819 787 2892 partes
815 2817 976 2876 diversas
1003 2816 1128 2878 divise

71 2915 97 2955 3⁰
111 2903 179 2962 duo
199 2903 379 2979 quadratu
398 2904 548 2962 duarum
567 2905 768 2964 sectionum
786 2905 899 2964 maius
914 2906 996 2962 sunt
1010 2904 1127 2982 duplo

111 2992 337 3068 superficiei,
362 3013 428 3068 que
452 2993 493 3051 ab
518 2993 568 3052 eis
592 2995 809 3053 continetur.
851 2993 943 3052 Verbi
964 2994 1063 3070 gratia
1084 2997 1128 3055 sit

60 3089 64 3098 ‘
110 3081 190 3139 linea
217 3083 258 3140 ab
285 3082 317 3138 in
345 3081 417 3140 duas
442 3081 573 3141 diversas
596 3083 740 3142 sectiones
763 3102 854 3158 supra
874 3101 895 3156 p
918 3082 1026 3141 diviso:
1056 3084 1126 3145 dico

111 3189 194 3247 ergo,
218 3170 298 3247 quod
322 3170 379 3228 duo
403 3171 550 3245 quadrata
574 3189 615 3245 ap
638 3174 668 3230 et
688 3173 729 3246 qb
753 3172 910 3230 coniuncta
931 3155 1028 3230 maius
1052 3178 1128 3233 sunt

110 3257 202 3335 duplo
226 3258 391 3334 superficiei
414 3261 455 3318 cb
478 3259 509 3316 in
533 3261 584 3334 by,
608 3260 688 3336 quod
711 3260 752 3319 sic
774 3260 926 3338 probatur.
972 3259 1128 3330 Quoniam

70 3355 97 3395 ³5
111 3365 153 3421 cy
185 3350 215 3406 et
243 3349 285 3421 cb
318 3350 388 3406 sunt
420 3347 548 3424 diverse,
583 3351 703 3408 tanturn
736 3349 883 3425 quadrato
915 3367 1017 3408 earum
1049 3357 1126 3413 sunt

110 3467 324 3477 -----

183 3536 208 3602 1)
227 3533 279 3587 Εεῖ
297 3532 399 3588 lemma
418 3535 461 3589 ed.
480 3534 687 3604 Heibergianae
705 3535 759 3591 vol.
774 3536 821 3606 ΠΙ,
840 3555 866 3605 p.
884 3536 1013 3608 180s181.
