2408 3848
106 154 173 219 242
393 154 559 211 ANARITII
577 151 834 208 COMMENTARII

106 323 145 382 ad
168 343 324 382 numerum
351 323 381 380 lc:
409 341 479 399 ergo
508 340 568 380 non
596 325 641 380 est
668 322 821 398 proportio
852 321 991 397 quadrati
1016 323 1053 379 ht
1079 322 1126 381 ad

107 411 287 489 quadratum
317 411 395 470 linae
427 413 437 469 l
468 411 546 470 sicut
573 412 728 486 proportio
759 411 876 469 numeri
907 411 1047 486 quadrati
1080 411 1124 470 ad

105 520 262 560 numerum
290 500 483 576 quadratum,
511 494 603 577 <ergo
625 496 682 578 tl>
704 519 763 559 non
786 500 985 559 communicat
1007 500 1085 558 linea
1112 503 1124 559 l

106 590 138 648 in
160 589 356 667 longitudine,
378 589 430 648 sed
448 589 646 648 communicat
664 589 692 646 ei
710 589 741 646 in
760 588 909 664 potentia:
933 607 1002 665 ergo
1020 590 1056 646 ot
1075 594 1127 649 est

80 678 263 738 stationalis
285 679 317 736 in
339 678 483 753 potentia.
532 677 647 737 Ponam
670 681 783 752 autem,
808 680 844 735 ut
866 677 1021 753 proportio
1046 697 1122 753 qua-

108 767 188 826 drati
211 768 222 825 l
244 767 283 825 ad
306 766 487 842 quadratum
509 770 553 824 tm
576 766 616 824 sit
638 766 716 826 sicut
737 766 891 842 proportio
909 766 1025 824 numeri
1042 768 1062 823 k
1080 767 1124 826 ad

105 875 261 915 numerum
284 874 334 930 op.
379 854 555 914 Ostenditur
577 875 660 932 ergo,
684 856 762 914 sicut
785 857 935 914 ostensum
958 858 1016 930 est,
1039 857 1126 931 quod

106 950 152 1004 tm
174 948 220 1004 est
241 945 398 1003 rationalis
420 945 452 1002 in
474 945 618 1019 potentia.
656 943 697 1002 Et
715 943 786 1019 quia
804 944 957 1019 proportio
977 945 1123 1019 quadrati

105 1035 141 1093 lat
167 1034 207 1092 ad
234 1033 414 1109 quadratum
436 1034 447 1091 l
469 1035 514 1091 est
536 1033 615 1091 siout
635 1033 790 1108 proportio
813 1034 855 1091 cb
878 1033 917 1090 ad
939 1034 971 1106 le,
997 1036 1028 1090 et
1050 1053 1123 1108 pro-

67 1137 95 1176 ro
107 1124 206 1198 portio
231 1122 369 1198 quadrati
393 1123 403 1180 l
425 1121 464 1180 ad
487 1121 666 1197 quadratum
691 1126 735 1179 tm
758 1124 804 1180 est
825 1121 902 1180 sicut
923 1123 1078 1197 proportio
1102 1125 1123 1180 k

106 1210 145 1270 ad
159 1231 213 1285 og:
237 1230 307 1288 ergo
326 1211 488 1270 seeundum
507 1211 702 1286 equalitatem
720 1211 874 1286 proportio
893 1212 934 1269 ab
953 1211 992 1268 ad
1008 1229 1051 1284 op
1075 1216 1124 1271 est

106 1300 184 1359 sicut
202 1300 355 1377 proportio
373 1295 557 1378 (quadrati)
573 1300 609 1358 ht
631 1299 670 1357 ad
688 1299 871 1375 quadratum
889 1303 940 1356 tm.
974 1298 1032 1358 Sed
1050 1320 1122 1375 pro-

105 1389 204 1465 portio
219 1391 260 1448 αὖ
279 1389 318 1447 ad
331 1407 374 1463 op
390 1408 451 1448 non
469 1393 515 1448 est
533 1389 609 1448 sicut
627 1388 781 1464 proportio
795 1389 911 1446 numeri
925 1387 1066 1463 quadrati
1082 1390 1123 1447 ad

105 1497 260 1536 numerum
275 1479 462 1554 quadratum,
480 1497 550 1554 ergo
564 1479 600 1536 ot
614 1479 660 1536 est
674 1477 807 1536 seiuncta
820 1481 864 1536 tm
877 1477 909 1534 iu
922 1474 1125 1554 longitudine,

67 1580 94 1621 ss
108 1585 179 1646 ergo
196 1568 239 1642 tt,
254 1572 298 1625 tm
315 1568 347 1624 in
360 1566 495 1642 potentia
509 1569 629 1624 tantum
643 1569 714 1625 sunt
726 1566 888 1624 rationales
908 1568 938 1623 et
956 1567 1121 1624 communi-

107 1659 217 1715 cantes.
235 1656 350 1714 Ponam
361 1673 430 1714 vero
441 1656 480 1714 de
494 1655 631 1730 equalem
640 1655 683 1728 lat,
696 1673 786 1729 supra
795 1648 929 1734 <quam>
937 1655 1123 1714 constituam

108 1745 326 1804 semicirculum
345 1745 412 1816 dea,
430 1743 462 1799 in
482 1762 541 1818 quo
559 1743 685 1820 figuram
705 1743 815 1801 lineam
834 1749 878 1802 tm
896 1744 1041 1819 equalem,
1061 1765 1124 1820 que

107 1833 148 1892 sit
170 1835 223 1907 da,
247 1835 278 1890 et
299 1832 462 1907 producam
483 1849 531 1906 re,
555 1834 585 1888 et
608 1831 771 1905 ostendam,
793 1832 870 1890 sicut
893 1832 1009 1891 ostendi
1032 1851 1122 1909 supe-

107 1922 184 1996 rius,
213 1919 297 1995 quod
320 1921 360 1979 de
386 1919 616 1978 incommunicat
644 1937 686 1978 er.
731 1921 812 1998 Ergo
839 1922 875 1979 let
900 1924 1000 1997 potest
1027 1940 1124 1997 supra

66 2023 94 2065 ao
108 2014 153 2068 tm
180 2027 246 2066 cum
274 2011 433 2085 augmento
462 2008 601 2084 quadrati
627 2009 705 2066 lineo
733 2010 864 2068 seiuncta
889 2009 945 2068 sibi
967 2011 998 2068 in
1021 2010 1122 2089 longi·

107 2097 219 2158 tudine.
266 2095 324 2154 Sed
350 2097 428 2155 linea
454 2098 490 2155 let
512 2099 542 2156 et
564 2103 608 2156 tm
631 2099 701 2156 suut
722 2098 853 2157 seiuncta
876 2099 952 2158 linee
975 2099 1122 2159 rationali

107 2187 139 2244 iu
166 2185 353 2263 longitudine
381 2185 463 2261 date,
492 2188 523 2245 et
549 2186 581 2244 in
607 2187 743 2262 potentia
768 2189 839 2245 sunt
861 2187 1021 2246 rationales
1045 2183 1124 2269 (et)

108 2276 370 2334 communicantes:
398 2294 468 2352 ergo
495 2276 548 2334 tm
576 2279 621 2334 est
647 2275 810 2334 binomium
833 2279 960 2351 sextum3
988 2280 1018 2336 et
1040 2277 1122 2336 illud

109 2367 166 2439 est,
191 2363 271 2439 quod
294 2363 496 2422 demonstrare
518 2364 675 2423 voluimus

65 2465 93 2507 as
196 2451 294 2522 Quod
326 2453 503 2528 sequitur,
529 2454 649 2530 figure
678 2453 974 2530 quinquagesima
1002 2456 1120 2514 tercie

108 2540 269 2600 additum
291 2533 517 2623 invenitur.¹)

198 2629 283 2700 Quod
310 2633 410 2688 autem
438 2631 584 2706 quadrata
611 2649 713 2689 earum
738 2633 807 2690 sunt
828 2630 981 2706 medialia,
1004 2632 1122 2693 scilicet

110 2718 189 2795 quod
226 2719 451 2778 communicatio
488 2718 613 2778 duorum
650 2719 862 2794 quadratorum
894 2739 962 2796 mo,
993 2739 1034 2780 os
1072 2728 1122 2782 est

108 2807 257 2883 medialis,
279 2808 346 2866 ideo
370 2811 428 2882 est,
451 2808 592 2884 quoniam
614 2809 680 2885 ipsa
702 2811 772 2867 sunt
795 2809 913 2884 equalia
935 2809 993 2868 toti
1015 2828 1119 2886 super-

68 2910 95 2952 ea
108 2896 186 2955 ficiei
208 2898 258 2956 bd.
290 2895 364 2955 vSed
386 2897 553 2973 superficies
577 2899 618 2956 bd
641 2899 686 2955 est
710 2895 880 2972 [rationalis
903 2895 945 2974 et]
969 2898 1122 2973 medialis,

107 2985 248 3060 quoniam
275 2987 319 3044 ad
347 2988 392 3045 est
418 2985 573 3045 rationalis
596 2986 786 3062 inpotentia
808 2988 929 3045 tautum
951 2990 982 3045 et
1005 2988 1118 3047 incom-

107 3073 261 3134 municans
280 3076 321 3133 ab
344 3073 376 3132 in
398 3075 592 3152 longitudine,
616 3076 798 3152 quapropter
820 3075 987 3151 superficies
1011 3078 1052 3135 od
1072 3082 1120 3136 est

179 3231 220 3281 17.
240 3225 336 3296 figura.
357 3256 390 3267 -
409 3232 453 3280 22.
472 3242 525 3295 que
544 3225 582 3280 in.

178 3386 204 3456 1)
232 3384 368 3438 Euoumus
391 3384 429 3454 X,
448 3390 482 3439 53
493 3385 661 3456 {mansurus
680 3385 718 3456 X,
738 3391 785 3454 503
813 3385 980 3442 Humanam
1000 3387 1037 3457 X,
1057 3391 1118 3459 56):

107 3455 140 3512 a·
157 3456 275 3511 binoctio
292 3457 374 3512 tercio
392 3473 425 3511 cc
443 3457 517 3512 licea
530 3458 663 3511 rationali
675 3458 830 3526 superficies
844 3460 1023 3526 contineatur,
1041 3460 1120 3515 linco

41 3566 44 3575 Δ
107 3529 140 3583 in
157 3545 216 3583 eom
231 3533 327 3596 potem
344 3528 396 3583 erit
413 3529 555 3584 tiowdralc
572 3530 726 3584 secundom.
