2408 3848
145 187 210 251 350
429 185 594 240 ANARITII
613 183 869 239 COMMENTARII

144 355 341 430 manicantes,
369 359 398 414 et
426 356 465 414 ed
492 353 690 413 communicat
717 370 754 426 ey
775 353 807 410 in
830 353 1031 430 longitudino,
1060 357 1092 412 ot
1111 355 1154 428 qd

144 445 341 503 communicat
372 445 411 502 dc
442 443 474 501 in
505 442 705 520 longitudine,
737 445 767 501 et
796 443 839 516 dy
866 445 912 501 est
937 443 1096 502 rationalis
1124 443 1154 501 in

143 534 278 609 potentia
301 536 332 591 et
353 533 486 591 seiuncta
509 533 550 591 ob
572 531 604 589 in
626 530 821 608 longitudine,
844 535 874 591 et
897 536 927 591 te
949 535 995 591 est
1018 531 1153 591 medialis

143 625 174 681 et
196 626 242 682 est
264 621 378 697 equalis
401 622 446 695 ql:
470 639 540 698 ergo
563 622 596 694 ql
619 624 665 679 est
685 620 830 695 medialis
854 623 884 679 et
904 622 970 696 ipsa
988 623 1035 679 est
1052 639 1152 698 super·

117 711 222 772 afioies
254 712 294 784 qf
318 710 350 768 in
376 711 428 785 sa,
460 729 518 786 quo
546 709 583 768 ab
612 711 654 767 eis
682 709 861 769 continetur:
894 729 964 787 ergo
992 711 1035 783 qf
1057 712 1089 768 et
1115 713 1153 784 fo

144 804 213 859 sunt
243 798 383 858 mediales
416 801 446 857 et
476 799 508 856 in
535 798 670 874 potentia
696 801 816 856 tantum
843 799 1096 858 communicantes
1125 803 1153 860 et

143 889 326 948 continentes
351 887 515 946 medialem.
561 887 641 964 Ergo
664 906 707 961 qa
730 889 775 946 est
797 886 958 946 bimedium
980 889 1152 964 secundum,

143 981 173 1036 et
200 977 265 1052 ipsa
291 980 336 1035 est
357 980 463 1053 potens
486 995 577 1052 supra
599 975 783 1052 superficiem
807 977 854 1050 by.
900 975 984 1045 Quod
1008 977 1034 1037 si
1057 978 1152 1056 longi-

142 1066 214 1125 tudo
233 1065 398 1142 suparficiei
414 1067 492 1124 foret
510 1065 661 1123 residuum
679 1065 813 1139 tercium,
831 1067 936 1140 potens
951 1085 1042 1141 supra
1056 1067 1153 1143 ipsam

103 1172 128 1211 io
143 1160 220 1214 esset
243 1155 423 1231 superfluum
445 1154 524 1213 inter
547 1172 604 1212 eas,

230 1243 341 1302 Linea
367 1247 495 1318 potens
523 1261 630 1318 supra
656 1256 791 1302 omnem
813 1243 1047 1318 superficiem
1071 1263 1151 1304 con-

140 1336 277 1392 tentam
300 1352 318 1391 a
340 1332 497 1392 binomio
521 1335 663 1408 quarto,
686 1323 760 1413 (que
784 1333 830 1390 est
851 1332 948 1410 figura
971 1326 1092 1412 43⁸)1),
1120 1337 1154 1394 et

140 1423 240 1482 linea
261 1421 439 1481 rationali
462 1423 517 1480 est
538 1412 692 1501 masal)

228 1511 320 1569 Verbi
347 1510 446 1588 gratia
473 1511 512 1569 sit
539 1510 706 1586 superficies
734 1511 774 1584 by
800 1529 819 1568 a
843 1510 924 1568 linea
946 1512 987 1570 ab
1010 1512 1153 1572 rationali

102 1617 127 1656 15
141 1603 171 1659 et
197 1597 278 1660 linea
305 1618 359 1676 oq,
388 1618 443 1674 que
471 1601 517 1658 est
538 1598 703 1657 binomium
726 1601 876 1675 quartum,
905 1602 1058 1659 contenta:
1088 1601 1153 1661 dico

141 1689 242 1767 igitur,
266 1689 345 1764 quod
366 1688 446 1746 linea
468 1691 573 1763 potens
596 1706 685 1763 supra
709 1687 893 1764 superficiem
916 1691 956 1764 by
978 1691 1024 1748 est
1047 1691 1153 1766 maior,

141 1779 220 1854 quod
251 1778 295 1835 ita
326 1777 478 1852 probatur.
528 1776 686 1834 Reiterabo
717 1795 845 1854 namque
877 1777 952 1836 duas
981 1779 1154 1854 superficies

138 2881 204 2922 cum
231 2864 310 2924 notis
338 2865 411 2939 suis,
440 2867 469 2922 et
497 2863 536 2923 sit
563 2864 607 2922 od
635 2863 668 2938 6,
701 2864 731 2920 et
758 2862 800 2934 oq
827 2861 866 2919 sit
892 2859 977 2920 radix
1006 2864 1061 2921 12:
1094 2864 1154 2923 erit

137 2972 207 3030 ergo
230 2956 299 3028 post
321 2953 496 3013 divisionem
519 2952 599 3010 linea
622 2969 661 3011 oz
685 2953 703 3009 3
729 2951 758 3009 et
780 2949 865 3008 radix
889 2952 918 3025 6,
942 2952 972 3008 et
995 2950 1059 3010 eius
1079 2971 1154 3013 area

98 3044 180 3100 2012
209 3045 239 3100 et
265 3042 350 3101 radix
380 3044 433 3116 963
462 3044 492 3100 et
515 3043 555 3101 da
579 3042 597 3098 3
622 3040 732 3116 absque
754 3037 853 3098 radice
878 3041 911 3114 6,
939 3042 969 3098 et
992 3057 1063 3099 area
1087 3043 1154 3102 eius

209 3285 234 3352 1)
262 3282 398 3335 Eudamus
421 3281 459 3350 X,
479 3241 513 3335 dd
541 3280 694 3352 (Gauranos
717 3279 755 3348 X,
774 3285 822 3348 453
849 3280 1016 3334 Humanaius
1036 3280 1075 3351 X,
1097 3287 1154 3354 51).

137 3352 190 3407 Cfr'
208 3372 236 3494 ξ)Ι
252 3354 382 3477 deculrldrts
395 3359 520 3477 {lisanum
538 3423 575 3493 Χ,
595 3429 628 3477 ol
649 3407 803 3493 (Humanam
820 3422 858 3491 X,
878 3424 935 3492 ab:
959 3421 991 3477 Si
1009 3423 1086 3479 linea
1105 3444 1155 3482 ra-

136 3496 236 3549 tionali
258 3496 425 3564 binomioqcc
448 3501 547 3565 quarto
574 3495 729 3563 superficies
750 3494 934 3561 contineatur,
961 3511 1011 3564 que
1034 3496 1068 3550 io
1091 3514 1156 3554 cam

132 3567 302 3636 superficiem
314 3573 412 3638 potest,
431 3573 469 3623 est
487 3567 560 3622 liaeo
578 3567 673 3622 maior.
