2408 3848
406 171 455 225 AD
474 171 660 226 EUCLIDEM
678 172 744 227 LIB.
760 172 792 228 X.
1038 175 1103 239 259

96 343 125 397 et
157 341 331 414 protraham
363 341 473 398 lineam
505 342 547 414 uf
569 341 728 400 secundum
754 341 962 399 rectitudinem
990 360 1041 417 oe,
1075 346 1104 402 et

93 429 250 504 proveniat
272 429 347 504 ipsa,
371 432 515 504 quantum
537 431 691 490 voluimus.
737 430 765 488 A
788 449 847 506 qua
871 431 1104 508 orthogonaliter

93 518 257 593 producam
281 517 391 576 lineam
413 520 448 590 fr
470 519 630 595 infinitam,
658 523 688 578 et
710 519 862 594 complebo
886 519 976 577 etiam
1000 539 1102 596 super-

93 607 191 664 ficiem
214 625 263 681 oq,
288 609 318 664 et
340 607 513 682 protraham
536 607 630 666 lineas
646 612 690 682 pi,
714 609 764 684 dle,
789 610 827 682 cl,
849 627 910 683 cm,
932 627 982 682 zu,
1004 611 1051 685 hs,
1070 615 1103 683 tq

95 696 311 771 equidistantes
330 697 381 770 us,
409 699 439 754 et
462 696 501 754 sit
524 714 565 769 qc
593 697 707 772 equalis
732 715 782 772 qe,
809 700 844 754 ut
867 697 927 755 sint
950 697 1006 756 due
1024 699 1102 757 linee
1129 719 1142 760 5

95 790 131 843 ut
154 788 184 842 et
206 786 244 856 fc
263 784 387 859 diverse,
411 787 441 842 et
460 785 611 860 complebo
631 785 815 861 superficiem
833 790 872 860 st,
895 789 925 844 et
943 787 1102 847 nominabo

439 1080 977 1136 decelat

91 1534 1123 1624 {We

93 1712 303 1788 quantitatem,
327 1731 416 1786 quam
439 1711 499 1769 iam
522 1711 617 1787 posui,
639 1731 739 1784 unum,
763 1730 819 1785 que
843 1715 889 1770 est
911 1715 961 1772 ub.
1001 1714 1100 1774 Possi-

90 1802 149 1860 bile
183 1821 252 1878 ergo
285 1800 353 1875 erit,
387 1801 528 1876 quoniam
561 1802 602 1859 ub
634 1803 688 1858 aut
715 1803 854 1858 numerat
881 1806 927 1877 ot,
961 1806 1014 1861 aut
1041 1824 1101 1862 non

91 1893 228 1948 numerat
253 1889 358 1965 ipsam.
405 1888 452 1947 Sit
477 1890 580 1964 itaque
603 1889 699 1964 primo
722 1907 881 1948 numerans
905 1909 978 1949 eam.
1019 1893 1099 1970 Ergo

91 1980 157 2053 ipsa
179 1980 317 2035 numerat
338 1997 581 2053 unamquamque
605 1978 809 2052 quantitatum
833 1979 885 2054 by,
908 1981 959 2052 qd,
981 1982 1028 2055 dc,
1053 2000 1097 2056 cc,
1113 2004 1138 2043 ιο

92 2085 143 2134 uc,
171 2068 222 2141 ab,
249 2068 296 2140 ht3
325 2085 394 2142 ergo
421 2066 487 2140 ipsa
514 2070 653 2124 numerat
678 2068 722 2140 fq.
768 2066 858 2124 Lince
887 2068 965 2125 enim
990 2071 1029 2145 c'l,
1057 2072 1099 2144 hl,

92 2157 149 2228 lm,
177 2173 244 2227 rau,
271 2172 326 2228 uc,
353 2173 390 2226 sq
418 2155 488 2213 sunt
515 2154 635 2229 equales
659 2157 689 2212 et
712 2159 859 2230 equantur
882 2156 935 2231 eis,
964 2177 1020 2232 que
1044 2159 1101 2216 sibi

92 2245 292 2317 opponuntur.
336 2242 406 2317 Ipsa
435 2261 551 2317 quoque
579 2246 717 2300 numerat
744 2261 798 2317 qu,
825 2244 917 2302 donec
939 2244 1000 2302 sint
1021 2247 1099 2306 linee

92 2337 139 2406 ut,
166 2333 204 2404 fc
232 2331 359 2389 diverse:
389 2350 458 2406 ergo
486 2332 527 2389 ub
556 2333 601 2389 est
628 2331 795 2406 quantitas,
824 2351 880 2406 que
903 2338 1042 2392 numerat
1065 2341 1100 2394 ut

92 2425 121 2479 et
143 2422 195 2495 fc,
218 2423 249 2478 et
272 2419 334 2478 eius
357 2419 550 2496 quadratum,
573 2419 652 2494 quod
675 2421 720 2478 est
742 2439 844 2493 unum,
867 2425 1003 2480 numerat
1026 2443 1097 2498 qua·
1112 2445 1138 2486 15

92 2510 211 2568 dratum
238 2528 352 2568 earum:
381 2527 450 2585 ergo
477 2508 533 2566 iste
556 2508 632 2566 linee
656 2511 726 2566 sunt
749 2509 1005 2568 communicantes.
1053 2512 1099 2570 sic

92 2601 183 2658 etiam
215 2600 256 2657 ul)
288 2616 347 2656 non
379 2616 537 2655 numerans
570 2599 614 2671 bt,
647 2596 698 2655 sed
728 2598 863 2654 numeret
895 2618 930 2655 ex
957 2598 1036 2658 linea
1062 2603 1098 2674 fr

90 2688 200 2746 lineam
226 2689 278 2761 fc,
305 2690 335 2745 et
361 2688 513 2745 remaneat
537 2706 571 2743 ex
593 2686 673 2744 linea
695 2687 729 2758 fr
751 2685 848 2744 minus
871 2705 930 2744 una
953 2691 1038 2762 parte
1062 2709 1098 2748 ex

90 2777 170 2835 linea
188 2778 234 2850 fc,
253 2775 365 2834 scilicet
384 2774 553 2850 quantitate
571 2793 621 2850 qe,
640 2794 696 2849 que
716 2777 761 2834 est
780 2774 893 2850 equalis
912 2793 958 2848 qe.
998 2777 1096 2837 Pessi·
1130 2790 1133 2795 '

90 2866 149 2923 bile
171 2866 265 2942 igitur
288 2868 341 2938 est,
364 2864 443 2939 quod
465 2863 544 2922 linea
562 2882 603 2922 rc
621 2863 661 2922 sit
677 2882 746 2938 pars
766 2863 836 2922 data
855 2865 895 2922 od
916 2867 968 2923 aut
985 2870 1135 2942 partesue

92 2953 124 3011 Si
147 2974 217 3031 ergo
240 2954 330 3012 fuerit
352 2972 420 3029 pars
444 2951 524 3026 data,
548 2952 678 3012 dividam
696 2953 737 3011 ab
756 2953 915 3012 secundum
934 2973 1007 3012 eam.
1050 2955 1095 3015 Sit

90 3044 192 3119 itaque
221 3043 296 3101 sicut
323 3043 465 3101 medietas
494 3042 564 3100 eius.
613 3041 754 3100 Dividam
780 3042 881 3117 itaque
910 3044 950 3102 ab
976 3043 1008 3100 in
1036 3044 1094 3106 duo

91 3132 188 3189 media
211 3151 301 3207 supra
323 3149 347 3189 0.
390 3130 435 3188 Sit
459 3150 528 3208 ergo
551 3132 590 3188 ob
609 3130 722 3205 equalis
741 3148 790 3205 oo,
813 3149 882 3208 ergo
901 3149 941 3190 uc
958 3138 1095 3192 numerat

92 3223 144 3294 ob,
172 3224 201 3278 et
227 3224 363 3278 numerat
389 3223 485 3278 totam
512 3221 560 3278 ub.
607 3218 664 3276 sed
691 3221 732 3278 ab
759 3223 897 3278 numerat
918 3223 998 3279 totas
1021 3221 1093 3280 duas

163 3411 187 3460 5.
202 3405 273 3459 sciat
286 3424 328 3461 aa
341 3405 449 3474 equalis
464 3423 504 3475 qs.
523 3437 558 3445 —
573 3411 649 3460 7-8.
663 3404 846 3474 Impossibile.
861 3437 894 3446 -
909 3411 934 3460 8.
949 3406 1096 3476 quoniam}

92 3476 211 3543 quando.
230 3508 263 3516 —
284 3483 395 3532 15-16.
414 3477 552 3545 quadrato
566 3493 668 3532 earum.
683 3509 716 3516 -
736 3481 851 3531 18-ra.
867 3476 996 3529 utlinee
1008 3478 1060 3538 la.
1073 3504 1109 3512 -

93 3553 134 3602 19.
153 3545 348 3615 quantitatem.
366 3579 401 3588 —
418 3547 592 3618 Impossbile.
613 3580 644 3589 —
665 3553 710 3604 lb.
729 3547 811 3617 quod
825 3545 915 3599 nulla
930 3561 985 3598 ca.

913 3629 974 3684 W*
