2408 3848
391 177 441 231 AD
460 175 645 232 EUCLIDEM
664 177 731 240 LIB¹
747 178 780 232 V.
1032 179 1095 243 165

77 349 113 406 et
136 346 239 406 eodem
260 346 348 408 modo
371 346 432 404 sint
454 347 485 404 in
507 348 542 404 bt
564 347 747 423 quantitates
771 347 890 420 equales
914 365 956 422 ea,
979 348 1024 422 bf,
1048 349 1095 422 fa,

78 439 113 496 et
135 435 298 512 superfluat
319 440 355 494 at
377 435 490 511 equalis
513 436 604 494 tercie
629 454 675 511 εις
700 439 730 493 et
748 435 885 493 similiter
904 437 1095 511 quantitates,

77 545 139 600 que
163 526 232 583 sunt
253 525 285 582 in
302 525 336 582 nt
354 525 473 599 equales
492 526 534 601 bt,
558 526 617 583 sint
635 527 680 599 lic,
701 542 744 598 cr,
764 527 794 582 et
812 525 940 599 supersit
957 527 990 583 rt
1009 544 1097 600 equa·

78 613 122 671 lis
144 614 234 672 tercie
254 615 296 671 bt.
338 613 378 670 Et
396 613 466 688 quia
487 632 519 672 es
539 617 583 672 est
602 613 715 689 equalis
732 615 784 687 qd,
804 616 834 670 et
849 616 893 687 pd
911 616 956 672 est
975 614 1098 690 duplum

81 704 127 762 ab
158 705 188 760 et
214 703 320 778 tercia,
354 703 411 760 erit
437 722 576 760 numerus
605 703 780 776 communis,
813 703 864 777 qui
890 703 1011 761 met’tur
1040 722 1098 778 eas,
1124 713 1137 754 5

80 791 178 850 tercia
206 793 259 850 ab:
293 809 363 868 ergo
393 810 531 850 numerus
560 792 722 850 communis
750 794 886 849 numerat
910 794 955 865 pd
982 793 1098 867 septies

83 879 147 938 Sed
172 898 206 939 es
230 883 275 939 est
298 881 412 955 equalis
433 883 486 954 qd,
509 899 579 957 ergo
602 898 740 938 numerus
764 881 926 938 communis
948 884 1101 940 mensurat

82 987 121 1028 cs
153 968 275 1045 septies,
309 987 379 1046 ergo
411 970 534 1028 metitur
566 988 602 1042 eq
635 969 845 1044 quaterdecies.
897 968 954 1027 Sed
986 989 1023 1043 qa
1055 973 1100 1029 est

82 1058 200 1134 equalis
228 1058 319 1117 tercie
345 1060 402 1133 pd,
431 1077 500 1135 ergo
528 1058 650 1116 metitur
677 1076 816 1115 numerus
839 1059 1000 1116 cammarus
1024 1054 1100 1138 (aa)

19 1159 63 1207 35
84 1146 134 1205 bis
162 1150 192 1206 et
219 1166 286 1205 oum
312 1147 420 1220 tercia,
449 1167 519 1224 ergo
547 1150 683 1204 numerat
712 1165 745 1206 ea
765 1142 769 1225 l
791 1165 840 1204 sex
863 1147 958 1206 decies
972 1151 1012 1205 -et
1035 1161 1140 1206 cum10

83 1236 188 1295 tercia.
228 1235 369 1312 Sequitur
388 1256 467 1313 ergo,
490 1239 524 1293 ut
542 1255 681 1294 numerus
700 1235 872 1311 communis,
893 1237 944 1312 qui
961 1238 1103 1295 metiatur

87 1344 125 1384 ea
147 1328 177 1383 et
201 1327 256 1400 ab,
284 1325 324 1384 sit
346 1345 424 1384 nona
448 1327 502 1384 ab:
532 1344 602 1402 ergo
624 1324 747 1382 metitur
771 1327 812 1383 ab
835 1326 946 1400 novies,
970 1329 999 1383 et
1021 1347 1101 1384 men-

88 1417 174 1472 surat
203 1432 236 1474 ee
263 1415 472 1491 quadragesies
500 1414 614 1488 novieS,
639 1417 668 1471 et
690 1413 812 1471 metitur
832 1415 877 1486 qd
898 1414 989 1472 vicies
1012 1416 1102 1472 semel

89 1501 163 1579 [Sed
194 1521 301 1563 novem
327 1507 356 1562 et
381 1505 419 1560 21
447 1506 476 1562 et
498 1503 591 1561 tercia
615 1505 645 1560 et
667 1502 723 1560 due
747 1502 870 1578 septime
893 1502 983 1560 tercie
1005 1503 1100 1560 unius

86 1610 159 1670 ergo
184 1611 250 1651 cum
272 1593 304 1650 in
328 1611 358 1650 se
381 1593 579 1668 multiplicate
598 1591 718 1666 fuerint,
740 1591 775 1649 fit
792 1609 939 1666 numerus
964 1591 1015 1665 qui
1033 1610 1099 1666 pro·
1114 1601 1139 1642 1⁵

84 1681 179 1757 venit,
203 1700 352 1756 numerus,
376 1701 434 1756 quo
455 1683 495 1740 ab
518 1683 671 1740 mensurat
695 1679 739 1756 ee]
748 1673 784 1758 1),
808 1700 887 1758 ergo,
909 1681 979 1755 quia
1001 1700 1100 1738 nume-

86 1788 139 1828 rus
166 1773 319 1828 mensurat
347 1772 388 1828 ab
411 1771 513 1830 novies
538 1774 567 1828 et
591 1789 624 1830 en
648 1769 856 1848 quadragesies
879 1770 994 1845 novieS,
1020 1788 1100 1827 men-

86 1861 174 1918 surat
199 1861 243 1917 ab
267 1877 302 1918 aa
324 1859 481 1934 quinquies
506 1862 535 1917 et
558 1878 625 1917 cum
648 1862 776 1934 quatuor
798 1859 892 1918 nonis.
938 1860 978 1916 Et
1000 1878 1101 1917 secun-

86 1948 160 2005 dum
196 1947 273 2006 huno
309 1948 431 2007 modum
467 1948 540 2006 scies
576 1949 706 2023 reliqua,
742 1967 857 2024 queque
888 1951 1102 2022 remanserunt,

87 2036 203 2095 scilicet
228 2039 283 2113 ab,
304 2055 370 2111 pua,
392 2056 456 2112 mn,
478 2038 533 2111 nd,
557 2040 588 2095 et
608 2056 656 2110 pa,
678 2039 724 2112 lif,
746 2042 789 2112 ut,
812 2039 858 2113 lic,
881 2039 921 2095 ld.
968 2037 1053 2107 Quod
1076 2037 1101 2094 si
1115 2050 1141 2088 20

87 2125 272 2201 quantitates
294 2127 406 2184 fuerint
423 2126 714 2201 incommunicant-es,
737 2127 791 2185 hoc
810 2127 889 2184 idem
907 2127 964 2184 erit
983 2126 1101 2186 omnino

87 2214 286 2273 necessarium
314 2215 472 2272 secundum
500 2215 553 2273 has
583 2215 676 2288 viceS,
705 2215 810 2289 quibus
833 2215 929 2290 prima
951 2217 1103 2274 mensurat

88 2303 248 2362 secundam
267 2307 297 2362 et
314 2304 407 2362 tercia
426 2307 573 2379 quartam,
591 2307 622 2362 et
640 2303 892 2378 superfluitatibus
905 2304 1102 2363 mensuranti-

86 2392 143 2450 bus
167 2392 327 2450 secundum
349 2393 426 2451 hunc
448 2393 576 2468 modum,
600 2413 688 2468 quem
711 2393 900 2451 ostendimus
924 2458 927 2464 ,

179 2480 220 2539 Et
247 2480 333 2538 dixit:
363 2481 444 2555 Quod
472 2499 537 2541 mni
560 2483 672 2555 fuerint
694 2487 819 2554 quatuor
841 2484 1014 2555 quantitates
1031 2499 1102 2555 pro·
1116 2491 1141 2534 25

82 2571 276 2644 portionates,
315 2572 369 2628 erit
393 2573 544 2644 proportio
570 2573 668 2644 priene
699 2565 760 2647 <ad
791 2575 927 2644 quartam
953 2573 1102 2644 proportio

83 2653 202 2737 priene>
225 2660 265 2716 ad
286 2660 444 2718 secundani
466 2661 613 2733 trqclicata
635 2678 700 2718 cuni
721 2662 879 2719 iteratione.

179 2747 219 2805 Et
241 2747 400 2805 secundum
418 2748 496 2806 huno
516 2750 682 2825 exemplum
700 2751 769 2806 sunt
788 2767 831 2824 ea,
855 2768 912 2824 que
931 2752 1103 2830 sequuntur,

88 2839 121 2894 et
143 2836 204 2894 iam
227 2836 353 2894 diximus
377 2836 412 2894 de
436 2837 490 2911 eia,
514 2857 571 2912 que
595 2838 753 2896 sufficiunt.

178 2925 263 2983 Dixit
285 2925 458 2984 Eucnmns:
485 2927 604 2985 Dicitur
630 2929 663 2985 in
688 2929 910 3004 quantitatibus,
938 2927 1014 3000 quod
1035 2930 1143 2984 suuteo

87 3005 282 3092 mutauerat)
311 3017 344 3073 in
365 3017 565 3088 proportione,
590 3034 655 3074 mni
677 3021 886 3089 comparantur
909 3016 1104 3075 antecedentes

89 3121 155 3162 min
187 3105 417 3162 antecedentibus
448 3107 474 3161 ct
500 3108 700 3178 consequentes
726 3100 833 3184 <cunu>
861 3106 1102 3178 consequentibus.

161 3260 202 3309 27.
223 3272 286 3308 cum
304 3253 421 3308 ratione.
442 3285 475 3294 -
496 3260 537 3308 31.
557 3256 769 3324 comparaverit.

162 3411 188 3483 1)
206 3413 291 3468 Uncis
310 3414 456 3481 quadratis
474 3414 592 3482 inclusa,
612 3414 680 3483 quia
695 3415 788 3470 sensui
803 3415 962 3487 abhorrent,
982 3415 1102 3470 delenda

89 3487 189 3624 suntd)
209 3555 370 3611 Mutasu'cba
384 3584 417 3602 =
433 3555 561 3630 ὁμόλογα,
