2408 3848
98 144 162 210 342
381 145 546 200 ANARITH
564 143 821 198 ΟΟΜΜΕΝΤΑΒΠ
916 148 918 152 “

97 314 176 389 quod
194 315 235 374 bb
253 316 298 373 est
315 313 487 389 binomium,
511 313 674 373 secundum
692 313 771 390 quod
791 312 906 371 ostendi
924 313 955 371 in
973 313 1109 372 binomio

95 403 201 479 tercio,
230 406 260 462 et
288 402 369 479 quod
397 405 437 478 bg
459 405 559 479 potest
583 421 673 478 supra
694 404 737 477 gb
760 420 827 461 oum
850 405 1010 479 augmento
1036 420 1111 478 qua·

97 491 184 567 drati,
202 492 290 550 lateri
304 491 387 550 cuius
402 493 442 566 by
456 492 488 549 in
501 491 686 569 longitudine
701 491 881 568 seiungitur3
899 485 1113 571 <seiungitur>

99 583 199 639 autem
230 581 307 639 linee
339 581 481 640 rationali
511 581 579 639 date
606 580 638 638 in
666 579 864 657 longitudine:
897 598 967 658 ergo
996 582 1037 655 by
1064 584 1113 639 est

78 668 268 728 sbinomium
286 672 413 744 sextum,
432 672 462 727 et
480 669 554 727 illud
573 672 625 745 est,
644 669 723 745 quod
737 669 939 728 demonstrare
952 669 1113 728 voluimus.

189 757 255 816 Iam
276 758 309 816 in
331 758 554 834 precedentibus
578 758 767 833 ostendimus,
792 758 920 834 qualiter
940 758 1113 834 superficies

101 849 302 922 numerantur,
326 866 382 922 que
405 865 423 905 a
446 847 525 906 linea
547 847 688 906 rationali
711 850 741 905 et
764 846 801 905 ab
823 865 1002 923 unoquoque
1025 847 1112 907 bino·

101 936 228 995 miorum
264 938 295 994 et
329 936 514 995 residuorum
550 936 745 996 continentur.
800 935 871 994 Fuit
907 936 986 994 enirn
1016 957 1114 994 unum

101 1025 263 1100 capitulum
304 1044 406 1084 earum
446 1025 579 1084 omnium
619 1025 823 1083 demonstrans
864 1025 1112 1085 numerationem.

61 1123 86 1162 1⁰
101 1111 185 1181 Quod
226 1114 251 1171 si
291 1132 345 1172 nos
381 1114 553 1172 iterabimus
589 1114 824 1173 numerationem
859 1114 891 1171 in
926 1132 1113 1191 unaquaque

98 1201 208 1279 figura,
231 1203 509 1278 multiplicabuntur
531 1202 622 1262 verba
645 1205 675 1261 et
696 1202 851 1280 longitudo
874 1202 1050 1280 figurarum,
1080 1207 1113 1263 et

99 1290 256 1368 elongatur
282 1291 460 1350 intellectus
510 1291 573 1351 Nos
600 1294 701 1350 tamen
727 1311 787 1351 non
814 1291 980 1369 indigemus
1008 1292 1112 1351 huius-

98 1379 187 1455 modi,
210 1400 305 1456 neque
329 1399 363 1439 ea
386 1383 455 1438 sunt
477 1380 561 1439 nobis
584 1381 758 1440 necessaria.
805 1379 957 1439 Summam
979 1400 1111 1457 namque

96 1467 260 1546 figurarum
291 1469 521 1544 nominabimus,
554 1472 584 1528 et
615 1470 796 1530 ostendimus
828 1469 860 1527 in
886 1469 983 1546 figura
1010 1471 1112 1546 prima

58 1566 84 1606 15
98 1575 202 1616 earum
234 1559 482 1634 numerationem,
516 1558 596 1634 quod
623 1561 653 1616 et
679 1559 712 1616 in
738 1577 918 1634 unaquaque
945 1559 1111 1636 figurarum

93 1646 278 1722 reliquarum
304 1647 459 1722 faciemus,
486 1647 599 1706 scilicet
626 1647 862 1706 numerationem
885 1666 1044 1723 ponemuS,
1074 1651 1111 1706 ut

96 1735 230 1794 sensibus
253 1736 414 1795 subiaceat.

182 1823 267 1883 Volo
304 1825 393 1883 scire
426 1824 565 1882 radices
597 1824 886 1901 superficierum,
924 1845 990 1901 que
1024 1844 1107 1884 con·

93 1911 257 1970 tinentur
279 1930 297 1969 a
320 1912 417 1970 linea
439 1912 615 1972 rationali
638 1916 674 1971 et
697 1912 738 1971 ab
762 1933 978 1990 unoquoque
1002 1914 1109 1973 bino-

56 2012 82 2050 30
95 1999 251 2059 miorum.
301 1999 433 2058 Afferam
464 2000 558 2077 igitur
587 2000 720 2060 binomia
747 2005 847 2077 preter
874 2003 1017 2078 binomia,
1052 2024 1110 2079 que

94 2088 125 2145 in
143 2087 197 2163 his,
221 2107 279 2162 que
296 2092 510 2165 precesserunt,
531 2091 757 2150 nominavimus.
798 2091 873 2151 Dico
892 2092 998 2169 igitur:
1021 2093 1110 2153 Volo

94 2177 185 2235 scire
213 2177 369 2236 radicem
396 2179 608 2253 superficiei
637 2182 805 2239 contente
829 2199 847 2238 a
871 2181 970 2239 linea
993 2181 1109 2241 ratio·

95 2265 170 2324 nali
195 2269 229 2325 θῖ
251 2266 408 2327 binomio
431 2268 552 2343 primo.
595 2267 641 2327 sic
663 2269 767 2344 itaque
789 2268 954 2328 binomium
976 2270 1108 2345 primum

96 2357 113 2413 6
143 2358 174 2413 θῖ
200 2355 284 2414 radix
314 2358 363 2415 20.
409 2356 550 2415 Dividam
574 2377 644 2435 ergo
669 2359 687 2416 6
711 2357 744 2415 in
766 2357 839 2416 duas
863 2359 963 2434 partes
986 2359 1044 2433 ita,
1073 2364 1110 2418 ut

64 2455 89 2496 ac
103 2442 142 2502 sit
164 2445 374 2519 multiplicatio
397 2446 484 2504 unius
508 2464 610 2504 earum
631 2448 663 2504 in
686 2445 812 2504 alteram
830 2447 943 2522 equalis
963 2447 1110 2523 quadrato

96 2535 204 2607 quarte
230 2535 280 2608 20,
304 2533 385 2609 quod
408 2537 453 2593 est
477 2536 509 2608 ὃς
537 2535 595 2592 erit
618 2553 688 2612 ergo
711 2554 772 2594 una
795 2535 922 2594 duarum
944 2537 1111 2595 sectionum

97 2622 115 2679 5
141 2623 171 2678 et
193 2621 290 2679 altera
312 2641 398 2681 unus.
441 2623 521 2700 Ergo
544 2623 629 2682 radix
653 2626 671 2682 5
697 2626 727 2682 θῖ
748 2623 835 2683 radix
854 2625 941 2682 unius
962 2628 1006 2683 est
1024 2625 1108 2686 bino·

94 2709 188 2768 mium
216 2709 396 2788 absolutum,
425 2715 456 2770 et
481 2711 581 2787 ipsum
604 2715 649 2771 est
671 2715 776 2788 potens
800 2731 890 2789 supra
913 2714 1110 2790 superficiem,

94 2816 184 2873 quam
211 2799 401 2874 prediximus.
447 2799 533 2870 Quod
560 2796 628 2879 (si)
656 2801 823 2877 superficiei
848 2803 1004 2880 longitudo
1028 2809 1107 2863 esset

58 2899 84 2940 ac
97 2887 248 2945 residuum
274 2889 416 2966 primum,
444 2891 549 2966 potens
577 2909 668 2966 supra
695 2891 793 2968 ipsam
819 2894 897 2950 esset
925 2892 1108 2967 superfluum

93 2975 171 3035 inter
196 2994 255 3034 eas.

184 3063 220 3122 Si
253 3069 372 3125 autem
401 3066 592 3144 longitudo
620 3067 733 3126 fuerit
760 3067 954 3128 binomium
981 3088 1109 3129 secun-

96 3152 188 3230 dum,
217 3154 296 3230 quod
320 3157 365 3215 est
387 3155 472 3215 radix
497 3158 535 3215 12
562 3158 633 3224 et3
658 3176 694 3215 ex
715 3158 858 3233 numeris,
883 3158 1014 3217 dividam
1036 3162 1110 3220 tunc

94 3243 224 3302 radicem
249 3246 288 3302 12
314 3244 357 3303 ita
379 3245 411 3303 in
434 3245 507 3304 duas
530 3248 640 3322 parteS,
663 3248 697 3304 ut
720 3246 760 3305 sit
782 3247 993 3322 multiplicatio
1017 3249 1109 3308 unius

165 3453 190 3504 9,
210 3449 471 3504 demonstrationes.
490 3481 526 3490 —
550 3454 591 3504 13.
612 3449 733 3504 Summa.
752 3481 787 3489 —
809 3455 850 3505 19.
871 3450 906 3504 ab
926 3455 1109 3526 unoquoque]

93 3518 251 3574 abinomio
270 3537 390 3589 quoque.
410 3553 443 3562 -
463 3527 505 3575 26.
525 3537 692 3588 unaqueque
712 3521 838 3575 duarum.
