2408 3848
334 132 384 186 AD
403 132 588 187 EUOLIDEM
606 132 672 186 LIB.
688 131 733 184 IV.
974 131 1039 194 145

42 305 143 380 larum,
172 306 242 362 sunt
264 301 538 379 perpendiculares3
571 301 650 377 quod
681 320 749 359 cum
780 298 1039 375 perpendiculares

42 394 242 453 »rotrahuntur
261 410 279 449 a
298 394 408 464 centro,
431 390 495 465 ipse
514 390 651 449 dividunt
673 390 777 448 cordas
799 388 831 446 in
850 388 908 446 duo
927 389 1038 463 media3

42 485 58 542 t
79 482 151 558 quia
173 482 253 539 linea
273 499 312 540 ac
330 483 376 538 est
395 479 510 555 equalis
529 479 606 538 linae
626 497 670 554 ep,
694 497 763 555 ergo
786 478 866 535 linea
885 479 922 536 eli
939 477 1039 553 posita

42 571 184 644 ommuni,
208 569 264 627 erit
285 569 366 627 basis
389 570 431 627 at
455 568 570 642 equalis
587 567 653 625 basi
670 568 719 640 hp,
738 561 810 645 <et>
829 566 956 642 angulus
975 568 1040 640 apt

505 659 550 714 est
586 655 701 731 equalis
740 657 848 733 angulo
883 657 966 730 palm
1009 658 1039 714 et
1066 669 1079 710 5

506 744 648 803 similiter
661 745 788 822 angulus
806 747 867 804 dot
884 747 929 802 est
948 763 1039 819 equa-

506 835 544 892 lis
576 834 685 911 angulo
714 835 777 892 abt.
836 833 935 910 Igitur
971 851 1039 891 con-

506 923 617 982 iunctio
637 923 763 981 duorum
777 922 953 999 angulorum
967 923 1040 996 obp,

443 1013 462 1062 b
508 1013 571 1085 opt
608 1015 653 1070 est
687 1011 802 1086 equalis
839 1011 1040 1069 coniunctioni

508 1101 634 1159 duorum
665 1100 841 1176 angulorum
868 1102 936 1175 bat,
957 1101 1080 1173 patrm

508 1208 578 1264 ergo
614 1191 696 1246 totus
734 1190 860 1265 angulus
894 1191 958 1262 bap
994 1190 1041 1247 est

507 1277 603 1335 maior
619 1277 733 1334 duobus
749 1277 866 1354 angulis
881 1279 952 1353 obp,
967 1279 1040 1351 opt.

508 1364 566 1424 Sed
580 1365 682 1442 anguli
698 1365 842 1442 trianguli
861 1369 931 1424 sunt
949 1384 1040 1441 equa-

506 1455 549 1512 les
569 1454 684 1513 duobus
702 1454 799 1527 rectis,
823 1472 893 1532 ergo
911 1455 1040 1531 angulus

505 1545 570 1617 bap
599 1546 644 1601 est
666 1542 762 1600 maior
784 1542 943 1600 medietate
968 1543 1080 1600 duo-15

42 1652 94 1689 um
111 1633 272 1689 rectorum:
297 1649 366 1706 ergo
387 1633 431 1688 est
451 1649 603 1707 expansus.
650 1630 708 1690 Sed
726 1632 806 1690 linea
826 1633 866 1705 oq
889 1631 1041 1690 dividatur

42 1741 59 1778 n
82 1720 140 1777 duo
163 1718 261 1776 media
285 1737 373 1794 supra
395 1737 420 1794 a,
444 1723 474 1778 et
496 1721 708 1796 protrahantur
735 1722 791 1778 due
814 1720 892 1780 linee
915 1722 967 1795 da,
997 1724 1041 1794 er,

42 1803 141 1887 crgo>
158 1808 349 1866 manifestum
368 1808 425 1866 erit
443 1828 477 1866 ex
496 1810 599 1886 figura,
623 1831 679 1886 que
699 1812 744 1868 est
762 1810 918 1869 coniuncta
935 1809 1041 1886 figure,

42 1918 85 1973 que
108 1897 185 1955 hanc
207 1896 355 1971 precedit,
384 1899 464 1972 quod
490 1899 570 1957 linea
593 1901 633 1959 da
659 1894 863 1978 <equidistat>
890 1899 967 1957 linee
991 1917 1040 1973 cp:

42 2006 99 2064 rgo
137 1985 264 2062 angulus
297 1986 361 2045 bda
397 1987 577 2047 extrinsecus
612 1989 708 2048 maior
745 1992 790 2047 est
826 1989 935 2066 angulo
966 1991 1038 2048 oda.
1054 2001 1081 2041 2⁰

42 2075 188 2134 lucemus
210 2093 280 2132 vero
304 2074 341 2131 ab
364 2074 419 2134 hoc
441 2075 506 2134 loco
529 2077 642 2152 incepit
660 2080 690 2135 et
709 2078 883 2154 composuit,
906 2081 941 2135 ut
962 2079 1041 2135 foret

42 2163 231 2238 nanifestum,
260 2163 339 2238 quod
367 2163 424 2221 due
454 2165 531 2222 linea
560 2168 655 2224 erecte
684 2185 774 2240 supra
802 2167 860 2225 duo
887 2167 998 2242 puncta
1021 2167 1041 2224 d

42 2255 60 2311 t
87 2270 102 2311 c
133 2255 307 2310 concurrent
339 2255 421 2310 extra
451 2253 562 2312 lineam
590 2256 637 2328 bg.
695 2255 745 2312 Fit
777 2273 846 2332 ergo
883 2273 1040 2313 concursus

42 2359 131 2400 iarum
150 2343 290 2414 centrum,
314 2343 344 2399 et
361 2341 437 2398 illud
456 2344 508 2416 est,
533 2343 613 2417 quod
632 2342 832 2415 demonstrare
851 2343 1007 2402 voluimus.
1014 2335 1040 2424 1)

117 2429 163 2486 De
186 2432 285 2487 sexta
308 2422 459 2507 figura²)
485 2431 560 2488 dixit
577 2432 704 2506 Yanurs²
728 2431 807 2506 quod
824 2432 890 2506 ipsa
914 2435 970 2507 est,
995 2450 1038 2490 se·
1052 2441 1080 2483 2⁵

42 2517 159 2577 undum
187 2517 265 2592 quod
292 2518 367 2577 dixit
394 2519 561 2578 llucmuns.
610 2520 674 2578 Hoc
706 2523 808 2577 autem
836 2520 961 2579 solvitur
991 2521 1041 2578 sic.

42 2607 143 2666 ‚³0nam
169 2607 284 2682 itaque,
312 2611 346 2666 ut
378 2608 556 2683 quadratum
588 2608 628 2667 sit
658 2611 778 2667 factum.
830 2607 957 2684 Propter
985 2609 1042 2668 hoc

42 2698 135 2774 gitur,
165 2696 243 2770 quod
266 2696 429 2772 querimus
456 2700 490 2756 ut
516 2697 596 2756 linea
619 2699 663 2756 od
690 2698 730 2756 sit
753 2698 866 2772 equalis
889 2698 966 2756 linea
991 2700 1041 2773 ab,

101 2888 144 2939 28.
165 2883 240 2950 quod
258 2882 411 2955 querimus]
430 2884 506 2951 quod
524 2884 611 2938 etiam
629 2884 740 2940 Yrinus.

103 3081 128 3148 1)
146 3079 178 3132 In
196 3079 250 3133 hac
269 3078 413 3133 additione
431 3079 556 3132 Arriam
574 3082 604 3134 et
621 3078 651 3132 in
671 3078 852 3147 sequentibus
870 3078 991 3148 primum
1009 3078 1042 3131 id

42 3149 169 3204 :ontineri
189 3149 312 3218 videtur,
341 3150 417 3218 quod
439 3151 582 3221 „aualysis
604 3152 859 3205 demonstratioaie“
881 3149 937 3204 dici
961 3149 1040 3204 solet.

42 3220 153 3291 lrponit
172 3220 259 3290 enim,
283 3221 422 3289 quomodo
447 3223 545 3275 auctor
568 3221 835 3276 demonstrationem
853 3221 910 3290 vel,
933 3223 966 3275 ut
986 3220 1040 3290 hic,

42 3291 267 3347 tonstructionem
285 3295 314 3347 et
333 3291 599 3346 demonstrationem
616 3291 767 3362 invenerit,
786 3292 840 3346 hoc
856 3294 899 3346 est
916 3291 1041 3361 genesim

42 3362 279 3418 lemonstrationis
298 3362 432 3417 declarat.

103 3438 129 3506 2)
148 3435 283 3507 Epccmus
302 3434 348 3501 IV,
368 3440 397 3488 6:
425 3435 507 3488 Intra
533 3436 628 3489 datum
654 3435 786 3490 circulum
810 3435 974 3504 quadratum
997 3433 1042 3486 de-

42 3507 152 3562 recidere,

86 3604 170 3647 comm.
184 3607 214 3647 ad
227 3605 318 3646 Euclid.
333 3604 366 3646 ed.
383 3603 492 3647 Guttae.
859 3599 897 3647 tt
