2408 3848
399 139 450 193 AD
468 139 653 194 EUCLIDEM
670 139 737 194 ΠΒ.
751 139 771 193 Ι.
1047 140 1090 204 63

73 329 139 368 una
168 312 239 370 sunt
264 308 363 370 maius
389 309 483 368 latere
506 310 558 383 129,
587 307 836 384 quemadmodum
859 328 893 366 ex
916 308 1091 383 probatione

74 399 173 477 figure
205 399 344 459 vicesimo
372 401 418 456 est
444 397 648 473 manifestum,
681 400 711 456 et
737 398 817 456 latus
845 398 884 471 b9
912 400 957 455 θεὴ
985 397 1090 472 equale

75 487 170 547 lateri
193 489 238 563 eit,
261 490 292 546 et
314 486 481 546 coniunctio
503 487 631 544 duorum
648 486 778 544 laterum
796 488 846 561 ab,
865 504 907 560 o9
924 486 1091 561 positorum

76 577 166 653 quasi
189 577 270 635 linea
292 595 354 634 una
378 577 423 634 θεὴ
446 580 488 634 et:
512 594 582 651 ergo
605 574 686 633 lineo
709 580 739 633 ct
761 578 806 633 est
828 574 924 633 maior
945 575 1026 633 linea
1045 576 1089 633 cli.

75 666 195 725 Ponam
217 665 319 740 itaque
342 667 485 740 punctum
508 682 522 722 e
545 666 693 739 centrum,
719 667 749 722 et
772 682 837 722 cum
860 663 957 738 spatio
982 665 1019 722 eit
1041 663 1089 720 ‹le-
1117 676 1131 716 ε

78 753 208 813 scribam
236 772 336 812 arcum
362 754 410 827 iol,
438 755 469 810 θὴ
494 753 668 828 protraham
697 753 733 811 elo
756 756 786 811 et
809 753 859 811 cilo.
904 752 997 810 Linea
1021 771 1091 829 ergo

79 845 124 903 cilo
147 845 193 902 est
216 842 330 918 equalis
353 842 430 900 linee
449 843 497 917 cit3
521 841 572 900 ssd
590 843 626 900 dt
648 844 693 900 est
712 841 825 917 equalis
844 860 901 915 99:
924 861 993 918 ergo
1012 841 1091 899 linea

79 933 123 990 cllo
152 935 197 989 θεὴ
225 931 341 1006 equalis
368 930 445 989 lineo
473 948 530 1005 αφ·
558 933 589 989 θὴ
616 930 721 1005 etiam,
748 931 820 1006 quia
849 932 885 989 cle
911 930 1010 1006 posita
1032 929 1092 988 fuit

80 1019 198 1096 equalis
215 1020 263 1094 ie,
287 1022 332 1078 θεὴ
349 1018 430 1077 linea
449 1020 486 1077 clo
506 1019 621 1094 equalis
639 1019 717 1077 lineo
736 1021 783 1093 tp.
819 1019 888 1078 Duo
907 1039 977 1096 ergo
995 1020 1092 1078 latera

81 1111 134 1177 ed,
163 1109 206 1167 cilo
233 1110 302 1167 sunt
330 1108 450 1183 equalia
478 1107 592 1167 duobus
619 1107 762 1166 lateribus
791 1109 845 1177 bo,
870 1127 924 1182 o9,
952 1109 1132 1184 quodquam

81 1217 135 1257 suo
159 1196 299 1273 relativ0,
323 1195 436 1255 seilicet
458 1198 499 1256 ab
523 1199 568 1255 θεὴ
590 1197 697 1272 equale
725 1198 773 1265 cie,
797 1199 827 1254 et
850 1215 892 1271 o9
914 1198 1018 1272 equale
1041 1198 1092 1271 cilo,

80 1289 111 1345 et
141 1286 221 1344 basis
249 1287 289 1360 b9
317 1288 361 1344 θεὴ
389 1285 504 1360 equalis
531 1284 598 1343 basi
625 1286 674 1344 cle:
707 1304 777 1362 crgo
806 1286 931 1362 angulus
960 1288 1020 1344 ectio
1048 1289 1092 1344 θεὴ

81 1375 197 1451 equalis
230 1375 338 1452 angulo
366 1375 443 1449 bap,
477 1373 557 1450 quod
587 1373 708 1449 quidem
735 1393 771 1432 ex
797 1373 971 1449 probatione
998 1374 1092 1451 figure

80 1459 228 1542 <octavo>
260 1465 305 1522 θεὴ
336 1463 536 1522 manifestum.
588 1461 646 1521 seo
678 1463 805 1540 angulus
837 1464 899 1522 eat
926 1465 971 1520 θεὴ
997 1463 1093 1522 maior

81 1552 192 1629 angulo
217 1554 288 1627 eda
312 1555 342 1611 et
363 1551 439 1610 illud
462 1555 515 1627 est,
539 1551 618 1628 quod
641 1552 842 1611 demonstrare
864 1551 1023 1611 voluimus.
1107 1567 1133 1607 ιε

149 1639 247 1710 Quod
266 1640 431 1716 sequitur
448 1641 569 1719 figure
590 1641 760 1700 vicesima
779 1633 910 1721 seriel)
930 1640 1093 1698 additum

82 1732 137 1788 θεὴ
169 1729 330 1788 seeundum
357 1729 541 1806 copiositatis
569 1729 701 1805 modurn,
734 1730 814 1806 quod
840 1729 961 1805 quidam
988 1727 1093 1804 reperi,

83 1818 134 1877 sed
156 1817 342 1877 inventorem
365 1819 428 1878 eius
450 1817 571 1876 minime
594 1811 731 1900 inveni.²)

151 1905 224 1966 Oum
252 1908 377 1984 angulus
406 1909 423 1967 b
450 1908 541 1967 fuerit
568 1908 683 1983 equalis
711 1909 821 1985 angcrlo
844 1902 890 1984 (c,
913 1909 943 1966 θὴ
966 1906 1093 1984 angulus

80 2014 102 2070 9
125 1995 241 2071 equalis
265 1992 396 2075 angulo>
414 2014 438 2062 r,
461 1999 492 2055 θὴ
514 1996 593 2056 latus
613 1998 652 2071 b9
675 1997 779 2072 equale
802 1997 951 2071 laterior,
975 2015 1044 2073 ergo
1069 1994 1093 2053 si
1107 2011 1135 2050 no

80 2084 163 2143 latus
190 2086 230 2159 b9
260 2088 482 2161 supraponatur
508 2085 598 2144 lateri
626 2103 672 2160 ea,
701 2089 731 2144 θὴ
757 2088 901 2161 punctum
924 2087 941 2144 l>
963 2087 1094 2160 ponatur

82 2191 172 2249 super
194 2175 337 2249 punctum
360 2192 388 2251 c,
411 2177 441 2233 et
462 2178 608 2250 punctum
628 2193 648 2248 9
670 2193 758 2250 super
780 2177 924 2250 punctum
945 2190 970 2247 r,
993 2192 1093 2248 super-

81 2264 215 2338 ponatur
237 2262 317 2320 linea
340 2265 380 2338 b9
402 2263 479 2322 lineo
503 2281 545 2339 er,
568 2262 710 2339 quoniam
732 2264 795 2338 ipse
819 2266 889 2322 sunt
912 2263 1040 2338 equales,
1065 2265 1094 2320 et

80 2350 232 2410 locabitur
254 2352 382 2429 angulus
406 2354 423 2412 b
446 2371 535 2427 super
558 2352 701 2429 angulum
724 2370 745 2427 c,
770 2355 800 2411 θὴ
822 2352 950 2428 angulus
966 2370 986 2426 9
1005 2370 1094 2426 super

155 2545 180 2593 4,
199 2539 292 2611 quasi]
312 2539 386 2607 quia.

158 2738 184 2804 1)
202 2734 339 2788 Eocnmns
357 2734 377 2800 Ι,
397 2740 444 2789 26:
473 2733 600 2788 Omnium
618 2736 734 2789 duorum
752 2735 962 2805 triuo9alorura,
980 2750 1095 2803 quoram

82 2808 140 2861 duo
155 2807 252 2877 ratpoti
264 2807 350 2860 osaias
363 2807 469 2860 duobos
482 2807 594 2876 ao9alis
607 2807 728 2872 alterius,
746 2812 771 2860 et
783 2812 893 2874 uterquc
901 2822 928 2860 ac
940 2807 1096 2874 respicienti

83 2877 1096 3003 {satiastiasaiaalilttttitttiataasitite

82 3025 166 3074 cumi
188 3035 291 3088 quoque
314 3020 369 3073 duo
390 2966 604 3088 watarqretiqoli
627 2990 713 3074 lotac'ro
731 3020 837 3073 duobos
853 2965 1096 3087 retiqoigpotterio}

82 3091 222 3160 utroquo
240 3091 368 3145 lateribus
385 3092 595 3160 wauroqoodqoa
612 3107 639 3145 ac
655 3091 811 3158 respicienti
828 3091 945 3160 equatio,
965 3091 1095 3160 copulas-

83 3179 137 3232 ραι
154 3162 206 3216 rci'
222 3178 276 3217 was
293 3164 379 3215 auius
396 3162 499 3232 caprio
516 3163 619 3231 reliquo
638 3163 751 3216 alamus
768 3163 878 3230 equalis.

159 3233 187 3302 2)
248 3251 372 3287 mansms
395 3251 422 3302 p.
439 3237 488 3286 113
512 3232 541 3286 in
564 3234 633 3287 nota
654 3231 736 3287 dicit:
768 3233 872 3302 ,mpori
889 3231 1018 3286 Paocnmc
1040 3248 1096 3286 ooo

83 3309 185 3372 exstat,
199 3321 246 3359 aec
259 3305 376 3359 mutuam
388 3304 487 3360 θεῖαί(
509 3304 614 3358 Tamen
624 3303 825 3358 advertendum
835 3305 885 3371 θεὴ,
900 3301 981 3356 illum
990 3303 1095 3357 locum:

83 3375 160 3443 „Scit
182 3376 214 3428 io
235 3376 318 3429 lucios
340 3376 426 3446 pipare
533 3382 558 3429 et
584 3376 741 3445 triorcpuios
768 3377 884 3444 cooperit
909 3375 1097 3444 trioo9aiom“

85 3444 171 3516 (conf.
188 3462 253 3516 pag.
269 3449 356 3515 sequ.)
374 3463 486 3515 prorsus
506 3462 658 3516 congruere
677 3462 740 3499 eum
759 3444 1005 3512 demonstratione,
1024 3460 1096 3511 quae

83 3515 173 3572 hodie
192 3515 223 3571 in
242 3516 344 3572 scholis
364 3516 435 3571 duci
454 3517 532 3572 solet.
