2408 3848
106 145 170 206 194
392 142 557 196 ANARITH
576 140 831 196 COMMENTARH
863 169 867 188 i

105 316 149 370 est
171 330 258 385 unuS,
282 311 333 386 qui
356 306 443 389 (est)
466 311 636 386 quadratus,
664 313 694 367 et
717 309 775 367 duo
798 309 829 366 in
852 309 925 367 duos
953 312 1021 368 sunt
1045 329 1120 384 qua-

104 404 184 476 tuor,
213 400 267 475 qui
294 399 431 458 similiter
458 403 502 458 est
525 399 701 474 quadratum
730 402 760 456 et
782 397 857 456 illud
880 402 938 472 est,
962 398 1040 473 quod
1068 399 1119 455 de-

104 493 268 549 monstrare
291 489 448 547 voluimus.
492 485 567 564 [Heo
590 490 691 545 autem
709 487 806 564 figura
824 487 885 544 iam
907 484 1069 561 prooessit]

194 578 293 646 Quod
336 579 512 654 sequitur,
556 577 772 634 theoremati
813 577 938 651 quinto
980 576 1118 633 decimo

77 671 229 726 oootave
253 667 369 742 partis
393 659 577 743 additur.¹)

193 757 233 813 Et
261 757 351 813 etiam
377 774 499 831 ponem,
527 758 562 812 ut
585 755 664 812 latus
685 773 705 828 9
728 757 865 812 numerat
887 755 966 811 latus
989 755 1021 811 d:
1050 753 1117 811 dieo

104 847 207 922 igitur,
231 845 310 920 quod
332 845 423 903 cubus
446 863 465 904 a
488 846 624 902 numerat
647 843 753 901 cubum
776 844 800 900 b.
848 842 880 900 Si
903 844 996 918 igitur
1018 841 1120 916 dispo·

105 936 212 991 sitione
249 933 433 1008 probationis
464 935 603 990 monente

105 1023 264 1081 seeundum
274 1022 498 1097 dispositionem
507 1022 602 1097 prime
639 1013 780 1100 'mm—¹

66 1127 92 1164 ro
105 1112 289 1186 probationis
309 1131 376 1168 eum
394 1112 504 1185 fecero,
527 1110 601 1167 illud

106 1201 288 1274 ostendetur,
331 1201 408 1258 sieut
452 1202 602 1258 ostensum
637 1242 640 1276 1

106 1292 151 1348 est
173 1290 269 1364 prius,
293 1289 372 1365 quod
394 1289 508 1346 numeri
532 1307 560 1362 o,
583 1292 602 1362 t,

105 1380 132 1453 ie,
156 1380 171 1436 b
195 1381 264 1436 sunt
287 1378 420 1435 continui
443 1377 603 1436 seeundum
639 1423 642 1458 Ι
650 1369 743 1444 *⁹-

105 1467 327 1543 proportionem
352 1486 372 1540 9
400 1467 437 1524 ad
465 1468 492 1524 d.
545 1465 602 1523 Sed

65 1570 91 1608 15
105 1557 259 1632 proportio
285 1575 305 1629 9
336 1556 375 1613 ad
401 1558 421 1614 d
453 1559 497 1614 est
527 1556 603 1613 sieut

106 1647 259 1721 proportio
282 1644 349 1703 eubi
373 1663 392 1701 a
415 1645 453 1702 od
476 1643 603 1701 solidum
773 1653 791 1704 d

106 1740 125 1809 i,
149 1737 178 1792 et
200 1735 331 1809 positum
355 1736 408 1806 est,
431 1735 465 1789 ut
487 1732 565 1790 latus
583 1750 603 1804 9
640 1724 710 1758 'w
774 1739 857 1742 “⁴⁴

106 1825 243 1880 numerat
265 1823 344 1879 latus
368 1823 399 1879 d:
424 1839 493 1897 ergo
512 1819 603 1878 oubus
718 1847 731 1883 e

107 1931 126 1968 a
152 1913 289 1967 numerat
317 1909 444 1967 solidum
471 1912 489 1966 t.
545 1907 604 1966 Sed
803 1901 807 1936 ¹

67 2015 92 2052 20
107 2018 173 2057 oum
195 1999 310 2055 numeri
337 1999 449 2055 fuerint
472 1998 603 2055 oontinui
847 1991 865 2043 h

106 2087 603 2161 secundumproportionemunam,
640 2061 643 2096 Ι

106 2180 136 2235 et
171 2177 262 2233 fuerit
297 2176 409 2250 primus
446 2194 604 2234 numerans
773 2184 788 2221 Ζ

106 2265 278 2338 seeundum,
314 2268 385 2322 tuno
417 2265 480 2340 ipse
513 2265 604 2322 etiam
640 2240 730 2275 ³—
814 2256 823 2259 ⁰
863 2255 864 2259 ¹
912 2241 914 2275 Ι

108 2354 277 2412 numerabit
297 2354 410 2411 ‘alium
462 2353 519 2411 Sed
551 2373 571 2412 o
603 2354 715 2429 primus
747 2357 884 2412 numerat
911 2359 922 2412 i
950 2354 1122 2429 seeundum,

65 2457 92 2497 25
108 2461 177 2520 ergo
209 2444 272 2518 ipse
306 2443 396 2501 etiam
427 2445 564 2500 numerat
596 2445 612 2500 b
643 2446 837 2518 postremum:
873 2461 943 2520 ergo
976 2443 1066 2502 rubus
1100 2463 1120 2502 a

106 2535 243 2589 numerat
261 2531 367 2590 cubum
386 2534 415 2605 ὸς
435 2535 465 2589 et
482 2531 557 2589 illud
577 2535 629 2604 est,
648 2532 727 2608 quod
746 2532 947 2590 demonstrare
962 2532 1118 2590 voluimus,

195 2621 345 2678 Additio
368 2639 466 2695 vero,
490 2639 592 2696 quam
614 2621 733 2680 YRINUS
757 2620 898 2678 addidit
919 2624 1001 2696 post
1023 2623 1119 2698 figu-

106 2729 179 2767 ram
216 2711 422 2768 vicesimam
460 2701 666 2790 quintam²)‚
709 2712 753 2767 ost
791 2709 915 2767 duarum
947 2710 1121 2787 figurarum,

178 2867 202 2916 4.
222 2861 335 2914 decime.
356 2893 390 2900 —
413 2867 509 2914 4—26.
532 2861 570 2914 Iri
588 2861 711 2930 morpirre
729 2863 840 2931 lepimr:
862 2861 922 2914 Hoc
941 2861 971 2914 in
989 2861 1043 2914 fine
1062 2861 1118 2915 mei

106 2932 272 2987 continetur.
318 2932 381 2985 Hoc
403 2933 461 2986 omit
483 2933 612 3002 intelligi,
640 2935 713 3000 quod
734 2939 819 2988 totum
841 2933 992 3002 capitulum
1015 2934 1046 2986 iri
1068 2950 1120 2987 siro

106 3004 236 3057 Eocmnrs
255 3003 403 3072 exemplari
421 3004 526 3073 lepitmn

179 3166 205 3233 1)
227 3163 363 3216 Eoonrons
382 3163 455 3230 Vm,
475 3167 507 3215 15
532 3162 617 3232 (opud
637 3161 783 3217 Ominum
801 3163 874 3230 VHI,
894 3165 951 3232 14):
984 3163 1016 3218 Si
1033 3166 1120 3218 ombus

106 3237 193 3289 olium
211 3235 309 3288 orbum
326 3241 460 3301 rmmeret,
484 3236 556 3288 latim
579 3251 682 3304 quoque
704 3251 784 3290 mmm
805 3235 877 3289 lamo
895 3235 1008 3289 alterius
1025 3252 1118 3290 rmme·

106 3309 186 3390 rabit.
224 3306 256 3360 Si
273 3321 334 3359 rero
357 3307 430 3360 latus
447 3322 527 3359 eorm
547 3306 619 3361 lamo
637 3307 750 3360 alterius
767 3311 900 3373 numeret,
923 3307 1008 3360 orbos
1025 3323 1119 3360 riome-

106 3378 359 3518 rabii25mgggrlrm
378 3447 449 3515 Vm,
466 3453 499 3500 25
518 3447 605 3517 (apud
623 3448 795 3502 Hnrnnnomn
814 3447 886 3516 VIII,
902 3450 959 3518 27):
991 3447 1119 3503 Ommirrm

106 3521 223 3575 dirorum
242 3520 390 3573 solidorum
408 3520 540 3573 similium
558 3525 596 3574 est
610 3521 753 3589 proportio
770 3520 906 3574 opimari
920 3520 1036 3574 alterum
1049 3523 1120 3574 sirm
