2408 3848
120 149 184 218 378
407 153 571 208 ANARITII
589 151 846 209 corufflurrau

118 323 273 382 rationale.
319 323 399 400 Ergo
426 341 464 396 sq
492 325 537 381 θεὴ
562 321 672 398 minor,
700 326 730 382 et
751 324 819 399 ipsa
839 325 942 399 potest
963 341 1057 399 supra
1080 324 1131 398 by,

120 415 150 471 et
173 412 250 470 illud
273 415 326 486 θεὴ,
349 410 430 487 quod
453 411 653 470 demonstrare
676 412 834 471 voluimus.

207 500 318 559 Linea
345 502 471 576 potens
500 517 609 576 supra
636 519 769 560 omnem
792 501 1027 577 superficiem
1049 519 1128 560 oon·

117 592 255 649 tentam
287 609 305 648 a
336 589 432 647 linea
462 589 640 648 rationali
672 593 706 649 et
737 589 882 649 residuo
915 590 1045 666 quinto
1078 593 1130 649 θεὴ

91 690 104 730 5
118 678 348 738 coniunctum
365 696 442 736 oum
459 678 635 737 rationali
653 679 793 738 faoiens
806 681 923 738 totum
935 672 1128 758 modiale.¹)

206 767 297 825 Verbi
320 767 418 844 gratia
440 767 480 826 sit
502 766 669 842 superficies
689 769 728 842 by
745 770 885 828 contenta
903 787 922 826 a
939 767 1022 827 linea
1040 768 1130 827 ratio-

118 858 193 930 nali,
222 876 281 931 qua
307 859 352 915 θεὴ
380 857 434 930 ab,
462 859 492 915 et
518 855 634 914 residuo
663 857 781 933 quinto,
810 857 889 932 quod
911 859 958 916 θεὴ
980 875 1036 930 αρε
1065 857 1129 915 dioo

117 945 222 1022 igitur,
251 945 330 1020 quod
357 945 437 1003 linea
463 947 568 1020 potens
596 963 688 1020 supra
715 947 755 1020 by
778 949 823 1005 est
845 945 1039 1006 ooniunatum
1061 965 1130 1004 oum

117 1034 259 1093 rationali
280 1034 392 1092 faniens
414 1036 513 1093 totum
535 1033 669 1108 mediale,
692 1033 772 1110 quod
794 1036 840 1094 ita
861 1035 1016 1110 probatur.
1062 1034 1130 1093 Rei·

77 1135 103 1173 10
116 1123 219 1182 terabo
247 1124 325 1181 enim
353 1121 427 1181 duas
454 1122 622 1198 superficies
645 1142 713 1182 eum
735 1123 814 1183 notis
837 1125 908 1183 suis.
955 1122 1003 1182 Sit
1026 1123 1129 1199 itaque

117 1213 161 1272 ad
183 1211 267 1270 radix
292 1214 347 1286 12,
375 1214 405 1270 θὴ
425 1213 469 1286 qd
494 1214 526 1286 2,
550 1214 580 1270 θὴ
602 1229 642 1272 aa
664 1213 704 1271 sit
726 1212 811 1271 radix
835 1214 854 1272 3
878 1215 909 1272 θὴ
929 1213 1017 1272 radix
1043 1215 1076 1287 2,
1101 1216 1130 1272 θὴ

114 2240 282 2317 superficies
310 2245 346 2299 al
372 2240 412 2300 sit
437 2239 522 2299 radix
548 2241 590 2298 48
619 2243 649 2299 θὴ
675 2239 759 2298 radix
784 2240 839 2314 32,
867 2241 898 2298 θὴ
919 2238 999 2297 linea
1022 2240 1064 2300 da
1086 2241 1129 2301 sit

113 2330 198 2389 radix
226 2331 245 2389 3
274 2329 383 2406 absque
411 2329 509 2388 radice
539 2331 571 2404 2,
599 2331 629 2388 et
655 2328 822 2404 superficies
851 2329 885 2388 ta
912 2327 951 2387 sit
972 2327 1059 2387 radix
1083 2332 1126 2389 48

113 2419 260 2478 diminuta
294 2419 392 2478 radiae
426 2420 476 2478 32.
526 2418 710 2494 Unaqueque
741 2417 834 2495 igitur
866 2416 992 2475 duarum
1023 2435 1127 2494 super-

72 2516 99 2558 15
112 2508 244 2567 fioierum
264 2508 316 2582 qh,
338 2509 381 2567 led
404 2510 449 2566 est
472 2509 501 2582 4,
525 2510 555 2566 θὴ
576 2507 673 2566 tocius
696 2506 860 2582 superficiei
884 2525 953 2565 area
976 2508 1021 2566 θεὴ
1039 2506 1127 2566 radix

114 2599 154 2657 92
180 2599 209 2655 et
231 2590 323 2674 <area
346 2595 484 2672 quadrati
508 2591 574 2675 est>
597 2597 626 2672 8,
650 2598 680 2655 et
701 2614 880 2671 unaqueque
903 2595 1031 2654 duarum
1050 2596 1126 2655 line·

112 2703 197 2743 arum
222 2702 274 2760 qe,
302 2686 341 2744 ed
364 2688 538 2760 asturum,
565 2688 595 2744 et
618 2704 688 2744 area
711 2684 851 2760 quadrati
872 2677 947 2762 <lol>
970 2687 1016 2744 θεὴ
1038 2685 1128 2744 radix

112 2775 153 2832 48
175 2777 204 2833 et
221 2773 306 2832 radix
326 2775 376 2832 32.
417 2773 634 2834 Demonstrabo
651 2773 755 2850 igitur,
773 2775 808 2832 ut
827 2771 943 2831 ostendi
956 2772 1047 2847 inea,
1067 2793 1126 2850 que

111 2863 207 2939 ipsam
233 2862 377 2938 precedit,
410 2862 488 2940 quod
515 2881 553 2936 sq
581 2864 625 2921 θεὴ
651 2864 757 2938 potens
785 2879 877 2938 supra
904 2862 957 2936 by,
985 2863 1015 2920 et
1043 2863 1127 2938 quod

70 2963 98 3003 2⁰
111 2953 161 3026 los,
188 2953 229 3024 laq
255 2952 287 3009 in
309 2953 446 3028 potentia
468 2954 540 3010 sunt
561 2949 851 3010 incommunioantes.
898 2947 956 3008 Sed
976 2950 1022 3024 aa
1044 2969 1126 3010 oom-

110 3042 242 3099 munioat
269 3042 309 3100 de
335 3040 367 3099 in
394 3039 592 3118 longitudine,
622 3042 652 3098 θὴ
676 3040 721 3114 ad
744 3041 789 3098 θεὴ
810 3037 967 3098 rationalis
991 3041 1021 3098 et
1044 3057 1127 3100 oom-

110 3130 244 3188 muniaat
266 3131 307 3188 ab
330 3129 362 3188 in
384 3129 584 3206 longitudine:
612 3147 681 3206 ergo
705 3129 745 3187 de
767 3129 813 3187 θεὴ
834 3126 1003 3202 rationalis,
1027 3131 1059 3186 et
1082 3131 1128 3189 dh

111 3222 156 3277 θεὴ
182 3217 347 3278 rationalia.
392 3217 450 3277 Sed
472 3219 539 3294 ipsa
562 3218 607 3278 θεὴ
630 3217 744 3294 equalis
767 3214 934 3293 superficiei
955 3216 993 3275 los
1015 3215 1047 3275 in
1071 3219 1128 3293 leq:

183 3391 208 3458 1)
226 3387 356 3442 Earinus
372 3385 491 3441 (inuram
504 3386 538 3456 X,
554 3391 587 3440 90
609 3385 764 3456 (Hamaxan
778 3385 811 3455 X,
827 3388 884 3455 95):
903 3385 936 3440 si
948 3385 1035 3453 faerit
1048 3385 1129 3444 linea

109 3461 244 3514 rationali
261 3460 420 3528 residuaque
437 3459 532 3527 quinto
550 3458 706 3528 superficies
724 3464 856 3524 contenta,
876 3457 950 3512 zoae
967 3456 1027 3512 eiua
1040 3463 1129 3515 tetra

108 3532 236 3601 yoaieam
253 3532 306 3585 erit
322 3546 384 3584 eam
401 3529 534 3584 rationali
552 3545 712 3599 componens
729 3529 852 3584 mediate.
