2408 3848
394 186 444 240 AD
462 185 648 242 EUCLIDEM
665 186 732 241 LlB.
746 187 779 241 X.
1022 189 1087 253 363

167 355 275 413 Linee
298 355 439 414 residue
464 375 503 414 ex
525 355 695 429 binomio,
718 375 774 430 que
798 360 843 415 est
860 356 955 434 figura
975 350 1087 439 68³)1),

76 462 148 502 non
186 444 419 521 coniungitur
454 445 525 503 nisi
561 444 657 502 linea
689 463 757 503 una
789 447 941 521 tantum,
978 447 1087 505 donee

73 533 173 591 fiant
195 532 231 590 in
254 535 406 593 termino
430 552 549 592 earum
572 537 654 592 ante
678 527 983 615 separationem.²)

634 622 725 680 Verbi
753 625 852 700 gratia
875 625 915 683 sit
936 625 1087 683 residuum

518 703 537 792 q
563 711 642 768 linea
656 713 706 786 ab,
725 712 772 770 oui
787 713 943 772 coniuncta
955 714 994 773 sit
1008 714 1087 772 linea
1115 726 1127 766 ὁ

564 802 616 874 ty,
636 802 666 858 et
680 799 740 858 sint
754 819 796 874 ay
814 805 845 860 et
855 804 897 876 qb
916 803 947 860 in
960 803 1087 862 termino

517 881 536 970 ‘j‘
564 908 666 947 earum
684 892 754 948 ante
771 892 1003 965 separationem:
1022 891 1087 950 dieo

562 977 668 1056 igitur,
701 978 781 1054 quod
812 997 872 1036 non
899 981 1088 1057 coniungitur

72 1067 155 1125 lineo
174 1069 215 1127 ab
238 1067 318 1125 linea
340 1067 401 1125 alia
424 1067 456 1124 in
478 1068 605 1125 termino
626 1085 676 1142 aq,
692 1068 748 1142 qb,
771 1068 850 1143 quod
873 1069 914 1126 sio
937 1070 1086 1144 probatur.

75 1156 147 1214 Non
165 1157 244 1214 enim
268 1159 312 1214 est
334 1155 475 1231 possibile
498 1157 586 1214 aliter
609 1174 680 1231 esse,
704 1158 734 1214 et
756 1157 980 1232 premonstrato
1003 1159 1086 1216 illud
1102 1173 1128 1212 10

76 1244 166 1314 Quod
190 1245 215 1303 si
237 1244 377 1320 possibile
400 1245 499 1316 fuerit,
522 1245 665 1322 iungatur
687 1263 754 1303 eum
776 1264 812 1303 ea
835 1246 914 1304 linea
937 1247 1007 1322 alia,
1030 1267 1087 1322 que

74 1334 118 1392 sit
146 1335 198 1391 bd·
245 1335 325 1410 Ergo
354 1336 548 1410 augmentum
575 1333 701 1391 duorum
728 1335 940 1409 quadratorum
967 1354 1016 1411 ay,
1046 1337 1088 1410 ql>

74 1422 301 1481 eoniunetorum
337 1439 427 1497 supra
463 1422 587 1497 duplum
623 1422 788 1497 superficiei
823 1441 865 1497 aq
900 1424 932 1481 in
966 1426 1008 1498 qb
1043 1427 1088 1484 est

73 1511 181 1585 equale
212 1512 372 1588 augmento
401 1510 525 1568 duorum
552 1511 765 1586 quadratorum
792 1513 849 1586 ad,
882 1514 923 1571 db
951 1513 1087 1572 coniunc-

73 1603 174 1658 torum
198 1618 288 1675 supra
311 1599 435 1676 duplum
458 1601 502 1658 ad
523 1600 556 1657 in
578 1602 628 1659 db.
669 1600 710 1658 Et
728 1619 795 1659 oum
812 1603 1127 1678 permutaverimus,1a

74 1687 134 1746 erit
157 1691 350 1765 augmentum
373 1688 499 1748 duorum
518 1689 731 1765 quadratorum
749 1708 792 1763 ag
810 1693 840 1748 et
855 1691 897 1764 gb
917 1690 1087 1750 eoniunoto-

75 1797 145 1834 rum
172 1795 262 1853 supra
289 1778 347 1836 duo
375 1779 522 1854 quadrata
550 1780 608 1853 ad,
635 1779 676 1837 db
705 1779 863 1838 coniuncta
888 1781 992 1855 equale
1016 1800 1087 1858 aug-

70 1867 177 1924 mento
209 1866 296 1941 dupli
327 1885 369 1940 ay
400 1867 431 1925 in
460 1869 502 1941 ob
530 1885 620 1943 supra
647 1867 772 1944 duplum
799 1870 843 1928 ad
870 1868 902 1926 in
929 1871 979 1928 ab.
1030 1868 1088 1927 Sed

76 1957 269 2030 augmentum
301 1955 429 2015 duorum
461 1956 674 2031 quadratorum
706 1975 761 2033 ay,
790 1959 832 2031 yla
864 1959 1088 2017 coniunctorum

76 2061 168 2118 supra
190 2043 248 2101 duo
273 2044 421 2127 quadrata
444 2046 496 2120 ad,
521 2047 563 2104 db
587 2047 745 2104 coniuncta
768 2049 812 2104 est
834 2048 990 2123 rationale,
1014 2067 1086 2124 quo·
1102 2061 1128 2100 2⁰

75 2133 159 2190 niam
186 2132 249 2207 ipse
277 2132 365 2191 simul
392 2135 461 2191 sunt
487 2133 660 2192 rationalia:
688 2155 758 2211 ergo
787 2139 980 2212 augmentum
1004 2136 1089 2212 dupli

76 2239 120 2294 aq
148 2220 180 2278 in
205 2223 247 2295 qb
275 2239 366 2297 supra
393 2222 519 2297 duplum
547 2224 591 2280 ad
616 2221 648 2279 in
676 2225 717 2281 db
745 2225 790 2281 est
816 2224 976 2298 rationale,
1009 2224 1088 2298 quod

76 2310 122 2367 est
155 2310 349 2385 eontrarium,
381 2310 523 2386 quoniam
554 2311 787 2386 unumquodque
819 2330 920 2370 eorum
952 2315 996 2370 est
1028 2332 1087 2370 me-

78 2397 165 2456 diale.
208 2399 276 2456 Non
298 2394 413 2477 (ergo)
436 2399 625 2476 coniungitur
648 2417 716 2457 eum
738 2400 818 2456 linea
837 2399 929 2458 surda
951 2400 1009 2458 nisi
1027 2421 1087 2459 una

76 2489 205 2562 tantum,
228 2488 321 2546 donee
342 2488 417 2546 fiant
439 2489 471 2546 in
493 2488 618 2546 termino
643 2507 744 2546 earum
767 2490 836 2546 ante
855 2489 1086 2565 separationem3
1101 2501 1127 2542 aa

76 2577 108 2633 et
129 2575 205 2634 illud
228 2579 281 2651 est,
305 2577 384 2652 quod
406 2576 606 2636 demonstrare
630 2577 787 2636 voluimus,

88 2716 90 2720 ,
166 2664 202 2722 In
230 2666 498 2744 septuagesima
522 2657 681 2747 quintal)
706 2665 781 2724 nihil
804 2665 923 2725 additur
944 2686 998 2726 neo
1021 2688 1085 2727 mu·

75 2925 154 2979 ambo
164 2924 273 2993 pariter
285 2930 396 2992 accepta
408 2925 523 2978 mediate
536 2925 621 2993 duale
634 2925 787 2993 superficiei
800 2925 914 2979 alterius
927 2926 959 2979 a'a
972 2926 1086 2981 alteram

74 2995 353 3060 incommensurabile,
366 2995 473 3063 reliqua
482 2997 556 3049 liaeo
567 2997 619 3050 erit
629 2996 809 3062 irrationalis,
822 2996 977 3065 diceturque
990 2997 1087 3052 iwaata

74 3084 136 3121 cam
154 3067 267 3121 mediati
283 3066 388 3133 faeieaa
405 3072 491 3121 totam
508 3068 630 3121 radiate.

149 3140 175 3206 1)
195 3137 328 3193 conferas
345 3155 373 3206 p.
388 3141 440 3190 360
458 3139 516 3192 not.
533 3142 556 3191 1.

148 3209 323 3277 2)Encr.11>1a
343 3207 462 3262 Caurum
480 3208 518 3277 X,
539 3213 572 3262 74
593 3207 749 3277 (Hnmnnon
766 3207 800 3278 X,
821 3210 876 3278 79):
904 3210 995 3264 Natta
1014 3210 1087 3264 liaeo

78 3279 135 3332 aiat
151 3297 211 3334 aaa
228 3287 336 3336 tautam
353 3279 462 3334 residuo
480 3281 612 3350 eoataaya'
625 3285 725 3348 potest,
748 3286 780 3334 at
796 3280 853 3334 atat
871 3281 947 3335 arabe
967 3282 1017 3335 aab
1035 3287 1086 3335 ter-

76 3349 151 3402 ma'ao
169 3367 271 3420 earam,
289 3369 340 3422 que
357 3357 437 3406 eamr
454 3359 517 3406 uate
534 3352 739 3420 separationem.

149 3423 175 3489 3)
189 3421 324 3475 Enenmas
334 3422 367 3491 X,
380 3427 412 3476 75
426 3421 578 3491 (Gauranos
592 3421 680 3489 idem3
694 3421 862 3476 Hammams
876 3421 977 3491 X,80):
997 3423 1088 3478 Nulla

78 3490 152 3544 tinea
169 3493 226 3547 aui
243 3511 302 3548 aaa
320 3501 428 3549 tautane
443 3495 552 3549 residuo
565 3494 677 3548 mediati
690 3494 782 3562 primo
796 3494 928 3564 eoaiwaqi
942 3499 1038 3562 potest,
1056 3501 1088 3550 at

76 3561 134 3616 siat
151 3563 229 3617 ambo
246 3565 296 3618 aab
314 3567 428 3620 termino
447 3583 549 3634 earam,
568 3581 618 3635 qae
636 3571 716 3621 eraut
734 3571 800 3621 aute
817 3565 1038 3634 aeqarattomra,
