2408 3848
131 157 194 220 116
420 153 585 208 ANARITII
604 151 861 207 COMMENTARII

129 325 279 398 linearia,
303 321 443 399 quoniam
465 321 528 398 ipse
553 324 622 380 sunt
640 322 792 397 protracte
815 340 834 379 a
852 325 954 382 centro
978 321 1018 381 ad
1036 321 1153 383 oiroon-

130 412 297 487 fermtiam,
312 416 342 470 et
359 412 538 488 quadratum
551 413 588 470 dt
602 430 668 469 oum
683 409 830 486 quadrato
844 414 880 470 iu
893 414 940 470 est
953 411 1064 488 equale
1078 431 1153 489 qua-

131 503 217 561 drato
237 503 289 577 ud,
313 503 343 559 et
362 500 509 577 quadrata
527 501 570 559 dle
592 502 623 558 et
639 501 678 558 br
701 502 771 558 sunt
789 500 909 577 equalia
932 500 1153 577 quadratura,

132 593 220 650 erunt
244 591 301 649 duo
320 590 467 666 quadrata
486 590 528 648 db
552 591 582 647 et
600 590 640 647 de
663 589 781 664 aqualia
804 589 918 648 dnobus
937 588 1098 666 quadratis
1116 593 1154 650 dt

106 692 118 732 5
133 683 163 739 et
181 685 223 739 iu.
262 678 320 738 Sed
339 678 517 754 quadratum
532 679 574 736 db
593 680 638 736 est
653 677 751 736 maius
765 678 912 754 quadrato
927 680 975 737 dt:
995 698 1066 738 oum
1080 699 1152 758 ergo

131 767 347 828 removebimus
371 786 414 842 ea,
438 767 616 843 quadratum
635 771 671 824 ut
691 767 857 827 remanebit
879 768 976 826 maius
1000 768 1152 844 quadrato

130 861 178 918 bu.
220 857 299 934 Ergo
323 857 403 915 tinea
426 861 462 915 ui
484 858 529 914 est
550 855 647 914 maior
669 855 749 914 linea
771 858 818 916 be.
860 855 935 916 Cum
957 875 1031 935 ergo
1055 877 1152 918 remo·

131 947 265 1006 vehimus
288 946 399 1004 lineam
422 947 459 1004 eb
482 947 513 1004 et
535 944 736 1004 addiderimus
759 945 871 1005 lineam
894 951 933 1022 ei,
954 945 1154 1006 manifestum

133 1039 191 1110 est,
219 1036 298 1111 quod
327 1038 393 1093 tota
419 1034 500 1092 linea
528 1052 567 1092 eu
595 1033 652 1091 erit
679 1035 775 1094 multo
801 1035 898 1096 maior
926 1035 1008 1094 linea
1038 1054 1089 1113 εις
1122 1039 1152 1096 et

95 1137 121 1176 10
134 1125 211 1183 illud
234 1127 287 1199 est,
311 1123 390 1200 quod
413 1123 614 1182 demonstrare
637 1122 795 1183 voluimus.

220 1213 305 1272 Dixit
313 1214 445 1271 Ynnrus:
459 1212 561 1270 Etiam
574 1212 606 1269 in
621 1212 655 1269 8⁸
669 1205 822 1295 figural)
837 1212 969 1272 ostendit
978 1214 1152 1288 uncinus,

133 1303 212 1379 quod
237 1302 329 1378 linea,
356 1322 413 1378 que
441 1304 510 1360 sunt
532 1299 760 1376 propinquiores
784 1306 900 1377 oentro,
928 1305 998 1361 sunt
1020 1303 1152 1363 maiores

133 1392 220 1450 lineis
240 1393 276 1450 ab
296 1411 330 1450 eo
349 1390 567 1449 remotioribus.
601 1388 659 1446 Sed

133 1484 256 1557 propter
269 1482 334 1556 hoo,
351 1480 430 1556 quod
444 1479 581 1555 probatio
597 1479 659 1537 eius

94 1580 120 1620 15
134 1589 192 1629 non
217 1574 263 1629 est
288 1573 321 1628 in
343 1570 419 1627 libro
443 1570 478 1626 de
507 1567 660 1626 elementis

133 1659 200 1733 nisi,
222 1660 274 1718 ubi
296 1660 399 1735 posuit
420 1657 515 1716 lineas
539 1657 576 1714 ab
600 1675 661 1714 una

133 1753 228 1824 parte,
247 1767 316 1825 ergo
333 1746 521 1821 relinquitur,
540 1749 574 1804 ut
592 1765 660 1822 pro-

133 1837 220 1895 betur
261 1837 322 1894 alia
358 1834 548 1910 probatione,
585 1836 662 1894 sieut

134 1926 259 1983 fecimus
294 1924 326 1980 in
360 1923 469 2000 figura,
507 1943 563 1998 que
595 1944 661 2000 pre-

95 2025 121 2064 20
136 2014 231 2072 cessit.
270 2013 344 2071 Dioo
363 2012 469 2089 igitur,
489 2012 568 2087 quod
586 2032 663 2071 eum

136 2121 153 2160 a
194 2102 330 2160 duabus
371 2101 539 2177 partibus
585 2103 662 2160 dia-

135 2192 241 2249 metri
269 2191 333 2249 due
357 2193 455 2249 reete
482 2191 578 2249 lineo
601 2210 663 2266 po-

136 2281 204 2340 site
223 2280 373 2355 fuerint,
389 2299 537 2355 quarum
551 2275 664 2358 <una>

136 2370 184 2429 sit
211 2373 334 2428 eentro
362 2370 603 2445 propinquior
630 2372 665 2427 et

97 2470 123 2510 25
138 2460 255 2517 altera
275 2459 315 2516 ab
335 2478 373 2518 eo
390 2459 503 2535 magis
517 2461 665 2531 remota,

137 2567 202 2624 que
223 2548 293 2606 erit
313 2549 427 2623 magis
446 2548 665 2623 propinqua,

137 2638 207 2696 erit
230 2637 413 2709 maiores,
438 2656 503 2711 que
523 2637 594 2695 orit
612 2656 661 2695 re-

136 2726 274 2785 motior.
298 2725 435 2800 Exempli
450 2744 541 2783 eausa
555 2745 666 2801 ponam

137 2816 280 2875 eiroulum
308 2817 388 2888 obp,
427 2817 456 2872 et
492 2815 666 2890 protraham

208 2937 249 2986 17,
269 2933 301 2983 ut
320 2947 344 2984 a.
364 2936 387 2984 e.
407 2949 428 2984 z.
448 2931 591 2999 probatur.
611 2963 646 2970 -
665 2935 778 2985 24-25.
799 2932 828 2984 et
846 2928 949 3001 altera]
968 2931 999 2983 et
1017 2929 1119 2986 latera.

209 3041 234 3106 1)
253 3037 388 3092 Enenrnns
407 3037 454 3106 111,
474 3045 502 3092 8:
526 3037 558 3092 Si
576 3044 654 3092 euiru
672 3039 804 3092 eireuiuur
819 3043 922 3106 proruto
940 3037 1052 3106 sipuuto
1072 3039 1108 3092 ab
1125 3053 1152 3092 eo

138 3109 175 3162 uei
197 3109 441 3176 circumfereuiiuru
469 3110 538 3163 liuee
560 3110 681 3178 plurime
704 3110 844 3163 dueuutur
870 3108 1005 3162 oirouiruu
1029 3110 1152 3174 seruus

138 3197 188 3248 que
214 3197 295 3248 super
317 3187 438 3234 ceutruus
460 3182 613 3247 rreusieu't,
640 3181 762 3234 omuiuue
784 3182 836 3235 erit
858 3179 1034 3250 loupissimu;
1060 3186 1148 3235 oerum

139 3257 228 3305 uuieru
242 3252 451 3320 propinquiores
468 3252 656 3306 remotioribus
670 3253 810 3322 loupiores.
841 3251 928 3305 Liuee
941 3266 1004 3304 uero
1014 3252 1148 3320 partiales

139 3321 176 3374 uei
194 3322 438 3388 circumfereuiium
456 3324 622 3377 eutriuseeus
636 3324 772 3392 applicate
785 3340 817 3377 eu
831 3323 939 3392 quidem
953 3338 1004 3391 que
1018 3322 1148 3378 dirum

138 3393 170 3445 iu
197 3393 328 3448 directum
350 3394 457 3447 adiuret
479 3395 599 3447 omuiuru
622 3401 660 3449 esi
684 3395 812 3460 miuiuu,
840 3394 915 3464 eique
938 3394 1149 3462 propinquiores

137 3465 325 3519 remotioribus
344 3465 490 3531 breuiores;
512 3467 564 3520 due
582 3482 656 3532 uero,
680 3483 730 3535 que
749 3466 817 3519 liuee
836 3465 989 3520 breuissime
1006 3471 1149 3535 uberemque

215 3537 415 3606 propiuquuui,
432 3537 539 3606 equales
556 3543 627 3592 suut.
