2408 3848
396 144 446 198 AD
465 143 769 201 accumulamur.
1044 146 1088 210 55

167 310 199 370 si
227 312 294 388 quis
322 311 441 370 dixerit:
469 312 572 388 Volo,
596 316 636 373 ut
660 334 678 374 a
700 316 834 390 puncto
858 334 890 383 a,
919 314 1011 390 quod
1034 318 1089 374 est

74 401 172 459 linee
196 401 417 477 extremitas,
440 401 537 460 linea
559 405 658 461 recta
681 404 930 479 protrahatur,
953 424 1021 480 que
1041 405 1089 462 sit

74 489 393 565 perpendicularis
422 507 527 566 super
553 491 685 550 lineam
708 495 758 554 ab.
803 492 934 571 Signabo
963 512 1033 570 ergo
1056 493 1089 551 in

70 578 157 636 linea
178 580 221 637 ab
243 580 391 654 punctum
406 597 434 653 9,
458 597 525 638 curn
547 594 606 655 quo
625 581 787 657 producam
804 581 1088 658 perpendicularem,

75 685 135 742 que
159 666 198 726 sit
218 669 276 741 cd,
304 667 382 727 sicut
404 670 555 727 ostensum
578 672 623 728 est
645 690 681 729 ex
703 671 878 747 probatione
903 670 1088 746 precedentis
1115 682 1128 722 5

23 764 30 775 ·
74 754 180 832 figure.
232 754 278 815 sa
309 756 411 832 itaque
442 758 606 832 protractio
631 761 676 834 qd
706 760 739 818 in
766 760 924 818 infinitum.
976 758 1087 818 Secabo

629 851 731 907 autem
741 868 776 906 ex
782 851 834 926 qd,
845 848 925 924 quod
934 848 974 906 sit
983 849 1089 923 equale

555 949 580 984 ‘e
627 937 704 995 linee
728 956 783 1011 aq,
814 937 912 1012 sitque
935 937 1015 995 linea
1035 939 1088 1010 qd,

629 1028 658 1084 et
680 1027 843 1102 producam
865 1025 1088 1101 perpendicula-

568 1109 570 1115 ’
627 1135 690 1172 rem
734 1117 787 1192 dc,
839 1114 1089 1190 quemadmodum
1103 1129 1129 1167 ro

627 1203 762 1278 protraxi
776 1203 875 1279 aliam,
889 1203 921 1260 in
929 1203 1088 1279 infinitum,

80 1370 101 1422 b
628 1295 659 1350 et
673 1291 804 1350 diudam
818 1293 961 1369 angulum
975 1293 1041 1366 aad
1057 1292 1089 1350 in

313 1413 343 1469 ,q
561 1379 591 1420 ‘b-
628 1379 686 1440 duo
704 1380 802 1438 media
820 1399 887 1438 cum
904 1380 984 1439 linea
998 1383 1088 1456 recta,

628 1464 899 1547 <quemadmodum
950 1469 1088 1528 manifes-

74 1566 142 1621 tum
174 1555 239 1639 est>
271 1579 305 1617 ex
334 1558 509 1635 probatione
535 1558 630 1636 figure
657 1577 746 1632 none,
779 1560 809 1616 et
835 1556 996 1632 producam
1023 1576 1089 1616 eam
1103 1571 1128 1612 re

76 1651 170 1711 donec
188 1651 345 1708 concurrat
362 1647 439 1706 linee
462 1650 514 1713 de,
539 1649 568 1705 et
590 1665 712 1724 ponam,
736 1649 772 1705 ut
794 1646 859 1722 ipsa
882 1649 1038 1705 concurrat
1061 1647 1089 1704 ei

74 1741 109 1798 in
121 1741 232 1814 puncto
248 1755 269 1796 e.
299 1736 412 1795 Deinde
427 1737 611 1814 coniungam,
626 1737 707 1812 quod
721 1738 766 1795 est
778 1735 857 1794 inter
871 1735 928 1792 duo
941 1738 1055 1810 puncta
1069 1754 1089 1793 a

75 1832 107 1888 et
127 1845 149 1903 e,
171 1825 360 1903 producendo
379 1843 418 1886 ae
439 1825 562 1884 lineam:
585 1825 650 1884 dico
674 1844 753 1902 ergo,
776 1823 856 1900 quod
879 1823 959 1881 linea
982 1841 1021 1883 ce
1043 1825 1089 1882 est

76 1914 331 1993 perpendicularis
355 1930 444 1990 super
466 1914 576 1971 lineam
598 1915 639 1973 ab
663 1933 753 1990 supra
775 1914 920 1989 punctum
941 1931 969 1972 u.
1015 1911 1087 1972 Pro·

75 2005 159 2064 batio
183 2003 255 2062 eius.
297 2001 442 2072 Quoniam
466 2002 611 2061 secuimus
633 2002 744 2061 lineam
764 2003 808 2076 μά
831 2001 869 2060 ad
892 2000 1088 2077 equalitatem
1103 2015 1129 2056 20

75 2095 154 2152 linee
175 2111 232 2167 pa,
261 2093 292 2149 et
317 2089 440 2149 fecimus
468 2091 612 2168 angulum
635 2109 696 2165 ape
723 2091 859 2166 equalem
884 2091 993 2168 angulo
1017 2092 1088 2164 dyc,

76 2202 147 2261 ergo
160 2199 200 2255 pe
218 2179 374 2255 communi,
394 2199 429 2238 ex
443 2198 485 2256 eo,
505 2179 584 2255 quod
597 2180 789 2238 manifestum
803 2182 849 2237 est
863 2198 897 2237 cx
911 2179 1088 2255 probatione

74 2271 170 2349 figure
206 2271 326 2344 quarte,
363 2267 420 2326 erit
456 2269 583 2346 angulus
617 2286 682 2342 poe
718 2267 832 2343 equalis
870 2268 981 2344 angulo
1015 2269 1087 2342 yde.

76 2359 215 2438 Angulus
248 2360 349 2416 autem
374 2359 438 2430 yde
470 2361 515 2416 est
545 2359 656 2433 rectus,
690 2375 759 2434 ergo
792 2356 921 2433 angulus
950 2375 1011 2430 aaa
1043 2358 1088 2416 est

74 2451 184 2523 rectus,
208 2465 278 2524 ergo
301 2445 381 2504 linea
404 2463 443 2506 ac
462 2449 507 2505 est
524 2445 776 2522 perpendicularis
796 2463 886 2520 supra
904 2448 1050 2520 punctum
1068 2464 1087 2505 c
1102 2459 1128 2499 re

74 2537 154 2596 linee
177 2537 233 2611 ab3
258 2536 287 2594 et
309 2534 385 2593 illud
408 2537 465 2611 est,
489 2534 568 2611 quod
590 2535 791 2593 demonstrare
814 2533 971 2593 voluimus.

166 2624 263 2694 Quod
295 2623 473 2699 sequitur,
510 2623 672 2681 additum
705 2626 759 2682 est
791 2621 925 2681 decimo
958 2626 1087 2698 quarto

74 2704 336 2793 theorematil)
377 2710 442 2772 Hoc
461 2715 562 2771 autem
581 2712 639 2770 alio
658 2711 745 2770 modo
763 2712 910 2787 probatur
928 2711 1089 2770 secuudum

75 2803 157 2861 viam
179 2800 374 2878 plenitudinis
398 2805 428 2860 et
450 2819 528 2860 usus.
574 2800 688 2859 Ponam
709 2800 820 2876 itaque,
843 2802 878 2859 ut
900 2819 918 2860 a
940 2803 1051 2877 puncto
1071 2802 1087 2859 b

74 2891 153 2950 linee
176 2893 217 2950 ab
241 2890 297 2947 due
319 2890 397 2947 linee
420 2893 459 2965 by
482 2893 512 2948 ct
530 2890 572 2950 bd
595 2890 655 2948 sint
677 2892 836 2966 protracte,
860 2892 890 2948 et
912 2889 1088 2966 provenient
1101 2903 1128 2943 eo

147 3065 189 3114 30,
209 3058 277 3130 sint]
297 3057 344 3113 sic.

148 3240 173 3306 1)
191 3237 315 3289 Pacorus
335 3241 396 3304 281,
415 3242 480 3304 6sq.
501 3235 559 3290 eine
578 3235 720 3290 mentione
739 3235 867 3290 Haecine.

147 3307 429 3376 2)Eccn11>ne1,14:
456 3307 487 3363 se·
514 3309 565 3362 dcc
593 3308 661 3362 llaec
689 3325 707 3361 a
726 3314 829 3376 pacato
856 3307 941 3362 walae
965 3308 1033 3362 ltcce
1056 3309 1088 3361 ic

73 3379 197 3434 dicerem
210 3384 304 3448 partes
321 3379 444 3446 exieriat,
462 3380 580 3448 dcccque
598 3381 671 3434 circa
688 3396 715 3434 ce
729 3379 845 3449 aaqalce
858 3385 942 3433 rectos
956 3385 1005 3433 cat
1021 3380 1087 3432 dac-

74 3451 126 3505 bua
147 3451 226 3574 rcctq'e
248 3450 356 3520 equales
377 3451 501 3518 fecerunt,
529 3450 575 3504 illc
597 3451 649 3505 due
668 3451 737 3505 llaec
761 3451 814 3505 eibi
832 3450 929 3506 directe
946 3451 1087 3504 cociacctc

73 3527 140 3576 scat
156 3527 182 3576 et
210 3522 273 3575 icea
291 3537 356 3576 crea.
