2408 3848
139 206 179 271 78
422 204 588 262 ANARITII
605 202 865 262 conaturam

136 376 307 453 triangulus
330 376 392 436 deb
415 378 460 434 est
483 376 578 434 maior
599 377 752 455 triangulo
775 378 853 437 dea:
881 392 952 452 ergo
981 372 1145 452 triangulus

137 466 202 538 obp
229 467 274 524 est
296 465 392 525 maior
414 465 566 542 triangulo
589 467 661 541 dea3
685 470 715 524 et
737 465 812 524 illud
840 467 894 538 est,
921 463 1006 539 quod
1035 462 1145 521 ‹lemon-

137 556 232 612 strare
255 554 411 613 voluimus.

227 641 393 701 Secundum
401 642 526 702 tertium
536 660 653 719 quoque
666 642 787 702 modum
800 660 919 718 ponam,
934 645 970 701 ut
982 640 1147 702 coniunctio

110 731 262 790 eduorum
286 733 462 809 angulorum
481 733 558 808 tay,
577 733 636 792 eda
654 733 694 790 sit
711 732 807 791 maior
825 731 941 791 duobus
959 731 1065 790 rectis:
1087 730 1146 790 dieo

136 820 237 898 igitur,
261 821 341 896 quod
363 821 531 898 triangulus
549 823 610 882 dae
628 823 674 880 est
690 821 786 879 maior
803 821 957 897 triangulo
976 821 1052 896 obp,
1075 818 1146 896 quod

137 911 195 984 est,
229 910 369 985 quoniam
401 911 530 988 angulus
562 912 622 970 eda
652 912 788 969 remanet
818 909 914 969 maior
946 911 1061 987 angulo
1090 910 1146 969 rita

137 1706 194 1766 Sed
218 1707 346 1783 angulus
371 1707 430 1764 eda
454 1708 499 1763 est
522 1705 637 1780 equalis
661 1707 770 1783 angulo
793 1707 862 1780 aar,
890 1726 960 1784 ergo
988 1710 1149 1768 seeundum

135 1795 342 1871 probationem
372 1794 467 1870 figure
498 1796 551 1852 19θ
584 1795 641 1852 erit
670 1796 749 1854 latus
777 1797 813 1854 dt
838 1796 958 1872 longius
986 1797 1079 1857 lateri
1105 1800 1147 1858 da

96 1897 121 1936 ro
136 1884 247 1943 Seoabo
270 1884 373 1958 itaque
401 1884 444 1941 dt
471 1883 608 1957 equalem
635 1885 688 1958 da,
716 1887 746 1942 et
773 1884 951 1962 coniungam
973 1886 1021 1945 lte.
1073 1888 1149 1965 Ergo

135 1972 296 2030 seeundum
327 1971 533 2045 probationem
564 1972 770 2047 precedentem
803 1974 860 2032 erit
890 1974 1063 2052 triangulus
1091 1975 1150 2036 aaa

136 2061 250 2136 equalis
269 2060 420 2136 triangulo
440 2063 517 2136 obp,
537 2064 567 2119 et
585 2061 747 2120 seeundum
764 2063 971 2138 probationem
984 2063 1083 2142 figure
1098 2066 1149 2124 δῖ’

136 2151 193 2207 erit
206 2149 374 2226 triangulus
389 2152 444 2208 det
457 2151 608 2227 triangulo
619 2153 679 2211 dea
689 2151 812 2226 equalis.
842 2150 900 2210 Sed
913 2152 1089 2230 triangulus
1099 2154 1150 2214 aa

136 2242 181 2297 est
207 2239 303 2298 maior
328 2238 481 2315 triangulo
510 2241 585 2313 aaa,
613 2240 665 2315 qui
694 2242 739 2298 est
762 2239 878 2315 equalis
900 2240 1057 2319 triangulo
1081 2244 1152 2317 aba,

96 2336 121 2378 15
136 2346 205 2404 ergo
228 2327 396 2404 triangulus
420 2329 480 2387 dea
503 2331 547 2387 est
565 2329 661 2388 maior
678 2329 831 2406 triangulo
851 2330 927 2405 at93
951 2332 983 2388 et
1000 2330 1081 2390 illud
1099 2334 1151 2407 est

136 2417 216 2491 quod
239 2417 440 2475 demonstrare
463 2418 620 2476 voluimus.

223 2505 321 2574 Quod
358 2506 541 2581 sequitur,
580 2505 722 2565 addidit
758 2506 899 2568 Yamus
935 2507 1059 2585 figure
1083 2511 1151 2585 46⁰,

135 2595 214 2669 quod
237 2587 328 2676 est1):

223 2684 313 2742 Volo
338 2684 542 2758 ostendere,
566 2685 659 2760 quod
678 2688 752 2743 tres
770 2685 878 2760 linee,
902 2685 1049 2745 scilieet
1070 2687 1150 2764 dua,
1185 2682 1187 2695 '

93 2783 120 2822 2⁰
135 2792 201 2847 que
215 2773 477 2848 protrahuntur
491 2774 654 2833 aduobus
669 2774 815 2851 angulis
831 2774 980 2832 duorum
996 2776 1150 2850 quadra·

133 2863 254 2919 torum
281 2862 324 2919 ad
357 2863 444 2922 duos
473 2864 626 2938 angulos
653 2863 835 2940 trianguli
863 2864 1090 2941 orthogonii,
1117 2867 1151 2924 et

133 2949 213 3024 illa,
238 2971 303 3026 que
326 2952 554 3026 protrahitur
577 2952 619 3009 ab
638 2953 774 3033 angulo
798 2955 896 3011 reato
916 2952 1151 3028 equidistans

134 3039 270 3098 duobus
290 3040 467 3099 lateribus
487 3041 671 3117 quadrati,
691 3060 766 3099 sese
781 3044 905 3100 secant
919 3060 1029 3117 supra
1042 3062 1151 3103 unum

132 3131 313 3204 punctum.

93 3227 118 3266 25
222 3217 329 3275 Tribus
352 3218 447 3295 igitur
469 3219 685 3278 intentionibus
711 3219 787 3277 illud
815 3218 994 3295 explanab0‚
1022 3238 1151 3296 quanm

205 3373 231 3440 1)
251 3370 387 3424 Eocnmns
401 3371 421 3439 Ι,
436 3376 484 3425 46:
502 3372 540 3424 Ia
555 3373 629 3425 omrai
642 3373 783 3441 trtoapalo
796 3371 954 3442 rectaaqalo
972 3373 1151 3440 quadratwa

133 3445 205 3511 quod
229 3462 247 3497 a
270 3445 352 3497 latere
373 3449 443 3497 reato
468 3444 570 3512 aaqalo
594 3444 716 3512 opposito
740 3445 771 3496 a'a
793 3448 872 3497 semet
896 3444 987 3512 apsaro
1006 3445 1089 3500 dacto
1107 3444 1150 3499 de-

132 3515 273 3583 scribitur,
297 3532 393 3584 equam
416 3521 454 3567 est
477 3514 582 3568 duobus
605 3515 762 3583 quadratis,
787 3532 837 3584 que
860 3531 893 3569 ex
912 3514 1018 3569 daubus
1036 3516 1152 3586 reliquis

133 3586 263 3643 lateribus
281 3586 476 3641 describuntur.
