2408 3848
399 93 770 175 10100110111111111.
1069 117 1089 183 9

79 285 161 349 linee
184 287 265 345 mete
287 284 378 344 fuerit
400 279 479 362 <de>
503 303 557 345 suo
579 285 655 360 situ,
677 284 816 360 provenit
837 283 1020 361 superficies,
1043 285 1092 347 eui

80 373 251 439 ecciderunt
268 373 328 437 dno
346 373 474 448 termini
493 373 547 450 qui
565 376 635 438 sunt
652 373 710 435 dne
729 374 815 448 linee,
834 394 893 449 que
911 373 1091 449 proveniunt

78 483 115 529 111
139 462 252 527 deabus
275 462 510 527 extremitatibus
532 462 609 526 lime
627 466 751 538 propter
772 462 866 538 ipsius
889 466 982 524 melu.
1022 462 1090 525 Duo

80 554 182 617 entem
204 552 333 625 termini,
356 552 409 626 qui
430 554 593 624 remanent,
617 554 686 613 sunt
710 551 767 610 dne
790 551 1090 626 dimensionesque

79 660 147 699 rum
173 637 390 705 une'continot
411 641 509 705 locum
530 641 608 703 lines
630 641 772 716 primum,
802 643 832 701 et
859 639 1002 714 emunda,
1032 656 1131 716 qne-5

80 733 205 804 omnem
227 729 335 803 locum
357 729 410 792 ubi
426 729 503 793 fiunt
520 732 627 791 11101110.
672 729 738 793 Hoc
761 732 814 804 est,
833 720 913 804 quod
931 728 1091 789 Enonrons

79 819 112 883 111
134 818 189 881 hoo
211 817 276 878 loco
299 835 360 881 11011
386 818 445 882 ,fuit
466 819 583 878 loeutus
606 818 664 876 nisi
690 816 726 877 de
753 817 908 894 superficie
935 817 1034 897 fluite,
1062 821 1092 877 et

80 907 116 972 de
138 906 256 973 infinite
279 909 309 970 et
330 905 460 969 rotunde
482 897 558 977 nihil
580 907 662 967 dixit.

168 995 253 1059 Dixit
279 995 452 1059 sociem:
482 995 658 1069 superficies
683 997 780 1070 pleno
808 1000 850 1058 est
874 997 941 1065 dle,
970 1013 1024 1069 que
1050 1000 1093 1055 est

73 1085 175 1158 pos-ite
197 1102 290 1158 supro
307 1083 521 1152 dimensionem,
544 1101 599 1157 que
616 1089 658 1145 est
676 1087 786 1158 equalis
804 1088 838 1162 ei,
859 1086 936 1158 qued
956 1089 996 1146 est
1016 1087 1091 1147 elder
1105 1099 1132 1139 10

79 1175 157 1238 duas
185 1174 278 1238 lineos
302 1177 409 1242 rectas,
437 1191 492 1251 que
513 1177 583 1232 sumt
608 1191 700 1246 supro
726 1176 831 1247 msam.
881 1173 925 1234 ee
952 1174 979 1235 si
1001 1173 1092 1235 vellet
1176 1234 1180 1253 ἔ

78 1262 187 1338 disere,
208 1265 263 1326 est
284 1261 429 1325 brevior
451 1261 669 1338 superficies
692 1281 759 1336 que
783 1262 974 1339 coniungit
996 1262 1092 1325 inter

79 1351 168 1416 duas
190 1353 309 1414 rectos
329 1351 454 1413 lineus.

169 1438 268 1515 Supte
281 1440 344 1511 hoe,
352 1439 595 1504 Snuenuromus:
608 1437 756 1501 Processit
769 1438 928 1502 usonem
942 1440 1091 1515 loquendo

77 1529 116 1593 de
135 1545 241 1606 genere
259 1528 424 1604 superficiei
443 1528 591 1591 communi
615 1531 645 1591 et
666 1529 775 1589 transit
797 1527 836 1587 sd
858 1529 969 1602 speeies
988 1528 1091 1604 ipsius,
1105 1541 1133 1582 11

80 1618 348 1694 mesenensem,
371 1618 449 1679 siout
466 1616 578 1692 speeies
596 1617 682 1680 linee.
720 1615 852 1686 Quarum
871 1616 999 1691 quedem
1022 1619 1092 1681 sunt

78 1705 248 1782 superficies
267 1706 414 1781 simplices
434 1708 464 1764 et
477 1706 606 1781 quedem
620 1705 973 1787 superficiescomposite.
1006 1704 1091 1768 dom*

79 1795 246 1872 posieemm
267 1795 341 1859 item
362 1795 421 1858 elie
445 1796 516 1854 sunt
538 1795 673 1857 ordinate
697 1798 727 1856 et
745 1795 802 1858 elie
821 1795 997 1858 inordinate.
1034 1792 1093 1857 Sed

79 1883 248 1960 superficies
271 1884 419 1959 simplices
442 1886 525 1958 sunt,
558 1903 685 1958 querum
712 1887 783 1944 sunt
808 1886 888 1943 reete
915 1883 1005 1957 linee3
1039 1886 1092 1945 eut

77 1991 208 2048 querum
225 1973 303 2037 lineo
322 1975 393 2035 suut
414 1971 554 2045 rotunde3
577 1966 673 2050 <eut>
692 1973 724 2030 in
743 1972 852 2047 quibus
870 1973 1093 2048 coniunguntur
1106 1985 1132 2026 10

79 2062 138 2127 due
166 2063 276 2143 speeies
304 2061 457 2123 linearum.
508 2059 748 2136 Compositerum
774 2080 845 2120 vero
874 2061 1011 2123 ordinate
1039 2064 1092 2138 est,

79 2169 140 2226 que
168 2154 214 2211 est
245 2151 323 2210 sieut
350 2150 526 2215 semicirculi
554 2152 584 2209 et
612 2169 714 2213 esrum
739 2153 855 2226 pestes,
882 2153 912 2208 et
941 2151 1091 2212 universe·

77 2239 158 2314 11101,
182 2257 256 2314 ques
278 2240 356 2306 lineo
378 2239 630 2314 comprehendunt
653 2239 796 2303 ordinate.
832 2239 1004 2301 Inordiuete
1022 2258 1092 2300 vero

78 2331 151 2393 suut
190 2347 264 2403 ques
304 2328 472 2390 inordinete
512 2329 765 2404 comprehendunt
804 2327 881 2390 lines
923 2327 1091 2403 composite.

79 2417 240 2482 Encnmns
262 2419 362 2482 temen
385 2435 445 2480 non
461 2418 629 2493 'assumpsit
647 2418 683 2475 de
701 2416 852 2493 speciebus
871 2416 1092 2492 superficierum
1107 2428 1132 2474 es

78 2506 138 2571 nisi
156 2508 274 2590 tentum
291 2505 421 2582 plenem,
441 2505 691 2581 quemadmodum
708 2507 779 2566 feeit
796 2506 828 2587 111
846 2505 941 2580 lineis,
965 2507 995 2567 et
1013 2505 1092 2583 quod

78 2595 163 2671 prius
187 2594 327 2660 diffinivit
350 2614 385 2652 ex
407 2594 459 2671 eis,
486 2599 531 2654 est
554 2593 721 2676 superficies
744 2594 848 2670 plene,
876 2613 967 2669 quem
990 2595 1089 2655 eodem

78 2682 168 2747 modo
191 2683 341 2758 diffinivit,
365 2698 423 2758 qus
447 2683 558 2747 lineem
579 2685 700 2744 rectem
740 2682 834 2745 Lines
853 2684 932 2745 euim
949 2686 1030 2747 reete
1049 2684 1092 2744 ite

79 2790 111 2832 se
143 2771 234 2834 hebet
264 2771 303 2835 11
334 2772 428 2836 linees
456 2776 491 2831 ut
522 2772 691 2848 superficies
720 2773 812 2849 plane
845 2771 883 2833 ed
914 2771 1091 2848 superficies.

79 2860 233 2925 Dimensio
247 2861 327 2923 enim
345 2861 511 2936 superficiei
528 2861 617 2936 plene
636 2864 681 2922 est
702 2862 816 2937 equalis
831 2860 1015 2937 dimensioni,
1035 2881 1091 2936 que
1106 2874 1134 2915 eo

80 2951 127 3008 ost
153 2950 231 3012 inter
257 2951 352 3009 lineas
374 2953 485 3027 rectas,
514 2969 572 3025 que
595 2950 692 3025 ipsam
719 2949 972 3025 comprehendunt
995 2953 1025 3010 et
1048 2952 1093 3010 est

80 3038 224 3102 dimensio
248 3039 416 3114 terminate,
440 3048 497 3114 que
521 3041 566 3098 est
587 3038 705 3099 brevior
724 3039 965 3103 dimensionibus.
1007 3037 1092 3107 Quod

80 3129 106 3193 si
132 3128 223 3191 etiem
246 3128 376 3202 accidet,
403 3131 437 3186 ut
459 3129 555 3189 latere
582 3127 677 3202 ipsius
700 3147 759 3188 non
787 3129 847 3186 sint
870 3128 1092 3202 equidistentia,

80 3216 133 3277 sed
146 3217 237 3275 fuerit
250 3217 402 3291 dimensio,
417 3235 475 3291 que
490 3219 535 3276 est
548 3217 627 3276 inter
640 3216 701 3292 hee,
716 3217 833 3276 diverse
846 3217 878 3278 in
891 3217 953 3279 suis
968 3216 1093 3277 diversis

80 3304 227 3382 pertibus,
251 3306 308 3363 erit
327 3305 418 3364 etiem
435 3306 489 3363 heo
508 3305 647 3363 diffinitio
670 3324 748 3364 vera.
794 3305 859 3363 Hoc
879 3308 932 3379 est,
956 3306 1043 3380 qnod,
1066 3305 1091 3364 si
1105 3315 1131 3357 15

152 3496 195 3547 21.
214 3507 280 3546 vero
300 3508 354 3560 que
372 3493 415 3546 est
434 3491 564 3546 ordinate
582 3494 619 3552 et.
