2408 3848
371 151 421 206 AD
440 151 625 207 EUCLIDEM
642 151 710 206 LlB.
724 151 770 206 ΠΙ.
1016 152 1078 216 115

61 323 166 380 centro
194 319 274 378 linea
298 337 345 396 er,
374 339 444 398 ergo
472 321 636 380 seeundum
663 320 707 397 id,
735 319 816 397 quod
835 323 881 379 est
902 321 1080 397 premissum

61 410 94 468 in
117 410 175 468 hoo
197 410 340 486 tractatu,
364 410 421 468 erit
442 410 695 486 perpendicularis
715 411 751 468 st
771 409 868 470 maior
885 409 1078 486 perpendicu-

61 499 121 558 lari
153 499 210 574 ab,
243 517 313 575 ergo
346 499 526 574 quadratum
557 499 634 556 linee
662 501 697 558 st
729 501 774 558 est
804 498 900 557 maior
932 499 1078 574 quadrato

60 589 140 646 linee
159 588 211 647 ab.
252 587 380 662 Propter
406 588 462 647 hoe
485 588 591 666 igitur,
619 587 700 664 quod
722 588 928 664 unusquisque
952 589 1078 646 duorum

61 677 243 756 angulorum
262 677 325 752 dte,
343 678 405 736 dhe
424 679 469 735 est
486 679 593 751 metue,
617 677 674 735 erit
692 677 856 736 seeundum
873 677 1078 752 probationem
1105 695 1117 734 5

61 765 159 844 figure
183 767 239 824 46θ
267 765 362 841 prime
389 765 485 841 partis
513 767 695 841 quadratum
720 768 756 825 dt
783 785 850 825 eum
878 766 1026 842 quadrato
1049 770 1079 825 te

62 855 171 931 equale
195 854 341 930 quadrato
364 855 413 929 de,
436 849 489 933 <et
511 855 694 930 quadratum
717 856 760 914 db
783 875 851 914 eum
874 856 1021 930 quadrato
1041 856 1079 914 be

61 945 169 1020 equale
198 943 346 1019 quadrato
370 940 442 1022 de>=
471 963 541 1021 ergo
570 944 750 1020 quadratum
772 945 808 1003 dt
835 962 903 1002 eum
930 945 1078 1020 quadrato

61 1037 94 1092 le
122 1033 179 1091 erit
206 1033 312 1108 equale
340 1033 486 1108 quadrato
509 1035 552 1092 ab
580 1053 647 1092 eum
674 1032 821 1108 quadrato
844 1034 891 1091 be.
937 1032 996 1090 Sed
1017 1033 1079 1090 iam

60 1121 122 1180 fuit
145 1124 305 1196 ostensum,
328 1122 409 1197 quod
430 1121 611 1198 quadratum
629 1123 665 1180 ut
683 1125 728 1181 est
746 1121 842 1180 maius
861 1122 1008 1196 quadrato
1027 1123 1078 1180 db.
1092 1139 1117 1178 ιο

60 1211 190 1270 Demam
212 1205 304 1288 (ea),
332 1231 402 1288 ergo
426 1211 606 1286 quadratum
630 1212 666 1269 eb
688 1206 788 1289 <erit>
810 1211 906 1269 maius
930 1211 1077 1285 quadrato

10 1307 41 1357 26
62 1305 107 1375 et,
135 1319 205 1377 ergo
233 1299 312 1358 linea
333 1295 336 1378 Ι
359 1301 395 1359 eb
423 1303 468 1358 est
494 1300 590 1359 maior
616 1299 696 1358 linea
725 1303 762 1358 et.
808 1300 848 1357 Et
875 1300 979 1373 etiam,
1007 1301 1078 1375 quia

61 1389 192 1448 duorum
225 1389 404 1466 angulorum
437 1391 509 1464 obt,
540 1391 596 1449 atel
627 1388 753 1465 quisque
787 1391 831 1446 est
863 1391 974 1463 rectus,
1008 1407 1077 1466 ergo

60 1477 226 1538 secundum
243 1477 451 1554 probationem
468 1477 562 1556 figure
576 1479 632 1536 46θ
650 1477 745 1554 prime
764 1476 858 1552 partis
878 1475 935 1534 erit
952 1477 1077 1552 quadra-

60 1570 128 1626 tum
141 1571 174 1626 at
191 1585 259 1625 eum
277 1567 426 1642 quadrato
441 1569 477 1626 ut
495 1568 600 1642 equale
620 1567 766 1642 quadrato
781 1567 833 1641 da
852 1568 882 1624 et
896 1566 1077 1639 quadratum
1091 1582 1116 1622 15

59 1657 105 1716 db
128 1673 197 1714 oum
220 1655 368 1730 quadrato
391 1657 435 1714 ba
458 1657 562 1732 equale
586 1655 733 1732 quadrato
757 1657 809 1713 ad.
853 1653 910 1712 Sed
932 1655 1012 1712 linea
1033 1657 1077 1714 ad

59 1747 109 1805 est
131 1744 248 1819 equalis
270 1745 347 1802 linee
371 1745 423 1819 da,
450 1746 591 1821 quoniam
614 1747 683 1803 sunt
706 1744 848 1820 producte
872 1762 890 1802 a
914 1748 1015 1804 centro
1039 1745 1077 1803 ad

58 1832 328 1907 circonferentiam‚
352 1853 421 1911 ergo
446 1835 627 1910 quadratum
647 1835 688 1893 ab
712 1852 778 1891 oum
801 1833 948 1909 quadrato
971 1835 1014 1893 db
1032 1837 1078 1893 est

58 1923 167 1999 equale
195 1916 384 2002 <quadrato>
410 1927 443 1983 al
474 1942 541 1982 eum
576 1923 722 1999 quadrato
751 1924 792 1981 st.
844 1921 903 1980 Sed
932 1922 992 1981 iem
1019 1923 1077 1982 fuit

58 2015 228 2087 ostensum,
261 2011 342 2087 quod
374 2012 555 2088 quadratum
582 2014 617 2071 ta
650 2014 695 2070 est
725 2012 822 2069 maius
851 2011 997 2086 quadrato
1025 2014 1075 2088 db,
1090 2028 1116 2067 eo

57 2120 128 2160 oum
147 2119 217 2178 ergo
236 2100 452 2160 removebimus
471 2120 515 2177 ea,
538 2100 703 2160 remanebit
721 2100 902 2175 quadratum
921 2103 962 2159 ab
980 2101 1076 2159 maius

594 2189 740 2266 quadrato
768 2193 808 2263 at,
836 2207 906 2266 ergo
932 2190 1011 2248 linea
1035 2193 1077 2249 ab

593 2278 651 2337 erit
668 2277 764 2336 meiol·
777 2277 857 2346 linea
870 2282 911 2336 at.
944 2277 1003 2337 Sed
1016 2279 1077 2337 iam

592 2368 651 2426 fuit
665 2369 824 2439 ostensum,
843 2366 924 2442 quod
942 2367 1022 2426 linea
1038 2370 1077 2427 be

592 2459 637 2515 est
677 2455 774 2514 maior
813 2454 893 2512 linea
925 2461 967 2514 et:
1004 2476 1074 2534 ergo
1089 2473 1114 2512 rs

591 2546 671 2604 linea
691 2563 729 2603 ea
752 2546 798 2602 est
815 2543 911 2601 maior
928 2545 1008 2602 linea
1029 2563 1075 2622 θῇς

592 2638 623 2693 et
649 2632 725 2692 illud
755 2634 812 2708 est,
845 2633 925 2706 quod
956 2633 1075 2694 demon·

592 2728 688 2783 strare
710 2721 867 2781 voluimus.

680 2811 766 2869 Dixit
782 2810 874 2869 etiam
892 2811 1023 2871 Yaruus:
1044 2812 1075 2871 si

592 2920 662 2978 ergo
686 2901 775 2973 linea,
799 2919 854 2975 que
879 2919 897 2958 a
920 2904 1031 2976 puncto
1055 2904 1114 2960 cleo

591 2989 776 3066 protrahitur
821 2989 1074 3064 perpendicularis

592 3098 682 3155 supra
705 3079 816 3136 lineam
838 3095 880 3153 er,
904 3098 963 3137 non
987 3080 1075 3138 eadat

591 3186 681 3243 supra
703 3167 814 3225 lineam
838 3185 886 3242 ez,
910 3168 961 3226 sed
984 3187 1075 3244 supra

51 3258 177 3332 lineam,
186 3275 242 3332 que
253 3255 281 3314 ei
291 3254 464 3333 adiungitur
473 3255 856 3331 seeundumreetitudinem‚
864 3256 941 3315 siout
950 3277 1074 3333 perpen-

53 3345 200 3407 dicularis
214 3346 271 3420 db,
293 3344 387 3422 igitur
400 3349 524 3422 propter
541 3347 605 3421 hoe,
629 3344 708 3422 quod
730 3344 868 3405 linearia
891 3349 937 3404 est
960 3347 1073 3421 equalis
1088 3358 1113 3398 35

131 3539 154 3589 7.
175 3534 219 3587 est
237 3531 345 3600 equale.
365 3565 398 3572 -
419 3539 460 3588 14.
480 3539 534 3587 400.

893 3623 931 3678 g*
