2408 3848
110 166 174 230 172
397 166 564 220 ANARI‘I'II
583 164 841 221 COMMENTARH

109 335 190 409 quod
219 338 264 392 est
291 334 500 394 inconveniens
530 339 560 393 et
584 335 779 411 impossibile3
809 339 839 393 et
861 335 936 393 illud
960 337 1019 411 est,
1049 337 1132 411 quod

110 425 313 482 demonstrare
335 424 493 483 voluimus.

199 513 334 589 Figura
370 513 542 571 adiuncta
583 513 706 590 figure
745 516 871 572 oetave
907 507 1128 591 <deeime>.¹)

113 600 197 658 Cum
222 602 360 659 fuerint
383 603 612 677 quantitates
636 606 794 677 quatuor
816 602 1130 678 proportionales,

83 692 147 748 set
182 690 297 749 fuerit
333 692 522 766 proportio
559 692 672 767 prime
710 691 753 749 ad
789 691 980 750 secundam
1014 692 1130 751 maior

109 780 346 855 proportione
365 780 478 838 tercie
498 781 541 838 ad
559 784 738 856 quartam,
757 783 791 838 et
809 799 885 839 eum
903 781 1128 857 coniungun-

109 872 183 943 tur,
216 869 287 927 erit
313 871 503 944 proportio
530 869 642 945 prime
670 864 747 947 (et)
775 869 927 928 seeundo
956 869 1128 928 coniunc-

109 961 228 1015 tarum
257 958 300 1016 ad
328 958 517 1016 secundam
544 959 660 1017 maior
687 958 923 1033 proportione
950 958 1065 1016 tereie
1094 962 1129 1017 et

110 1050 238 1122 quarte
267 1047 539 1106 coniunctarum
568 1048 610 1105 ad
638 1050 810 1123 quartam.
861 1048 998 1123 Exempli
1028 1066 1128 1106 eausa.

71 1151 98 1188 ro
112 1135 159 1194 Sit
181 1137 334 1213 proportio
358 1155 400 1210 op
423 1136 461 1194 ad
477 1138 518 1210 pb
541 1137 637 1195 maior
659 1137 850 1212 proportione
869 1138 909 1196 de
931 1137 970 1195 ad
989 1153 1039 1196 aa:
1063 1137 1129 1195 dieo

109 1224 216 1301 igitur,
244 1225 337 1300 quod,
364 1219 474 1303 (eum)
501 1225 735 1302 coniunguntur,
764 1226 821 1284 erit
842 1226 996 1301 proportio
1021 1227 1062 1284 ab
1091 1226 1128 1284 ad

112 1316 151 1387 by
176 1314 272 1374 maior
293 1333 416 1390 propor-

110 1403 191 1461 tione
224 1404 264 1463 da
300 1404 339 1461 ad
369 1422 413 1462 ae.
451 1395 466 1447 b

144 1491 285 1551 Probatio
310 1493 383 1567 eine,
460 1468 463 1501 ι

72 1591 98 1630 15
113 1582 254 1657 quoniam
281 1601 341 1640 non
369 1584 414 1640 est
450 1588 464 1627 Ζ
767 1575 785 1627 h
838 1591 851 1628 θ

134 1671 274 1747 possibile
304 1671 393 1728 aliter
451 1646 453 1679 r
704 1646 1105 1682 ““*—'—“—”

112 1779 183 1819 esse.
240 1758 323 1827 Quod
354 1759 379 1816 si
406 1760 499 1816 fuerit
523 1759 677 1834 possibile,
709 1759 744 1817 fit
769 1759 923 1836 proportio
951 1762 996 1819 ab
1025 1762 1064 1819 ad
1092 1763 1131 1834 bo

112 1849 190 1906 sieut
219 1847 373 1923 proportio
397 1849 438 1906 da
470 1848 508 1905 ad
530 1866 566 1907 ae
598 1852 651 1906 aut
678 1848 776 1908 minor
802 1867 844 1908 ea.
890 1848 1006 1907 Ponam
1030 1854 1131 1908 autem

115 1937 253 2012 primum,
286 1939 321 1992 ut
349 1936 389 1993 sit
416 1936 443 1992 ei
471 1938 594 2012 equalis.
642 1936 715 1996 Cum
742 1956 812 2015 ergo
840 1937 1044 2014 diviserimus,
1077 1939 1133 1997 erit

75 2035 102 2074 2⁰
116 2025 271 2100 proportio
300 2043 342 2097 op
369 2024 407 2082 ad
427 2027 469 2098 pb
497 2025 575 2084 sieut
601 2025 755 2102 proportio
779 2028 818 2085 ate
846 2026 884 2085 ad
907 2045 954 2101 ea,
983 2028 1065 2103 quod
1088 2030 1135 2086 est

113 2112 311 2189 impossibile:
340 2130 412 2191 ergo
436 2133 495 2172 non
524 2119 569 2172 est
597 2115 722 2190 equalis.
767 2116 808 2174 Et
835 2115 900 2174 dieo
924 2116 1030 2192 etiam,
1053 2116 1133 2193 quod

114 2205 160 2260 est
186 2201 384 2278 impossibile,
416 2206 450 2261 ut
478 2204 517 2262 sit
544 2204 697 2279 proportio
724 2206 765 2262 ab
798 2204 837 2263 ad
864 2206 903 2277 hp
934 2205 1033 2264 minor
1064 2225 1133 2282 pro·

112 2291 250 2367 portione
283 2293 323 2351 eta
355 2292 393 2349 ad
424 2311 468 2351 ae.
521 2292 663 2352 Probatio
696 2293 773 2367 eius,
806 2293 946 2369 quoniam
971 2289 1135 2373 <ponam>,

114 2383 150 2437 ut
184 2380 224 2438 sit
255 2381 408 2457 proportio
438 2384 479 2439 ab
513 2382 551 2438 ad
579 2384 618 2455 by
650 2382 727 2441 sieut
758 2383 911 2458 proportio
943 2385 984 2443 dr
1016 2384 1056 2442 ad
1082 2385 1132 2444 alt.

75 2478 102 2518 2⁵
117 2468 192 2528 Cum
226 2489 296 2547 ergo
331 2470 531 2544 diviserimuS,
565 2471 622 2528 erit
653 2471 807 2547 proportio
840 2490 883 2546 ap
914 2472 952 2530 ad
982 2474 1023 2546 pb
1057 2473 1136 2532 sieut

114 2559 269 2634 proportio
293 2561 335 2618 alla
359 2560 397 2617 ad
418 2561 467 2619 lar.
513 2559 572 2616 Sed
598 2579 652 2618 nos
680 2560 740 2618 iam
762 2560 929 2636 posuimuS,
956 2561 1040 2636 quod
1065 2581 1135 2638 pro-

115 2647 213 2722 portio
238 2667 280 2722 αφ
308 2648 346 2707 ad
367 2651 409 2722 pb
438 2652 482 2706 est
509 2649 606 2707 maior
633 2650 824 2726 proportione
847 2651 887 2709 ote
914 2649 953 2708 ad
981 2669 1029 2711 aa:
1064 2671 1135 2728 ergo

114 2739 269 2812 proportio
288 2739 328 2796 de
351 2738 390 2795 ad
409 2756 443 2797 ea
466 2742 511 2796 est
533 2737 631 2797 minor
654 2738 846 2815 proportione
864 2740 906 2797 aa
926 2738 964 2797 ad
982 2740 1031 2815 lte,
1056 2740 1136 2816 quod

116 2829 161 2882 est
188 2826 411 2900 inconveniens,
439 2827 581 2901 quoniam
608 2829 651 2885 aa
679 2830 725 2884 est
750 2827 847 2886 maior
869 2822 942 2905 (de,
971 2831 1002 2886 et
1023 2830 1065 2888 lta
1091 2833 1137 2888 est

74 2925 101 2963 ³⁰
115 2911 234 2993 minor>
257 2933 303 2988 εις
329 2919 358 2973 et
380 2916 458 2973 illud
481 2920 538 2990 est,
562 2916 641 2990 quod
665 2916 866 2974 demonstrare
889 2917 1050 2977 voluimus.

202 3004 336 3082 Figura
378 3004 503 3062 addita
544 3004 713 3063 vieesime
754 2997 910 3087 tercie.²)
975 3007 1037 3066 Ista
1076 3008 1134 3066 due

148 3144 203 3261 „t
223 3137 355 3208 quatuor]
376 3139 465 3191 coint.
490 3138 520 3192 ta
538 3144 576 3192 est
594 3137 841 3194 communicantes.
862 3171 895 3179 -
916 3143 1030 3195 16—1'1.
1052 3141 1141 3195 aliter

115 3225 156 3261 er1
172 3252 177 3262 .

184 3335 209 3402 1)
233 3333 369 3386 Eoc'mnas
388 3333 421 3402 V,
449 3338 495 3388 18:
524 3333 556 3387 St
578 3335 683 3401 fuerint
705 3336 871 3404 quantitates
893 3336 1056 3391 dieiaaottm
1070 3353 1136 3406 pro-

111 3406 289 3474 portionales,
307 3406 472 3460 coniunctim
491 3422 542 3473 quo
560 3423 593 3460 ae
609 3407 827 3475 proportionales
845 3413 933 3462 eruat.

184 3477 211 3546 2)
238 3476 374 3530 Enermas
399 3477 433 3546 V,
458 3482 504 3531 23:
540 3424 612 3541 {uia
639 3475 685 3530 hie
713 3480 743 3532 et
770 3477 800 3530 in
827 3477 1012 3546 sequentibus
1040 3481 1140 3533 textus

116 3546 238 3600 Cmrrrr
264 3564 355 3616 neque
383 3567 446 3603 eum
474 3549 554 3601 textu
577 3548 721 3618 Eurinus,
749 3565 840 3617 neque
868 3565 933 3604 cum
958 3548 1023 3620 illo,
1051 3566 1139 3620 quem
