2408 3848
220 770 399 843 INCIPIT
428 768 673 842 EXPOSITIO
702 767 882 853 QUARTI
908 769 1049 843 LIBRI.

194 951 278 1009 Dixit
296 950 468 1010 Euoumas:
486 949 632 1023 Fipurom
649 951 729 1008 iutro
746 951 875 1023 1191111111
887 951 1012 1009 seribew
1024 952 1153 1013 1111111111

129 1059 193 1100 eura
228 1042 339 1113 fuerint
373 1056 470 1097 omnes
506 1039 608 1111 eupuli
638 1039 733 1111 tyara
763 1040 916 1098 intrinsece
947 1037 1153 1114 munientes

128 1132 226 1189 oemio
245 1131 336 1188 lutera
354 1130 448 1202 pipare
466 1129 685 1185 1111111111-
702 1125 789 1186 Circe
806 1145 873 1186 vero
890 1129 1020 1202 11111111
1034 1128 1153 1188 dicitvr

100 1221 226 1293 apparo
253 1219 387 1294 describi,
415 1234 480 1275 eum
501 1216 613 1288 fuerint
633 1218 732 1274 onmia
754 1217 848 1276 latero
869 1218 963 1290 ripere
987 1219 1153 1277 eatrinsect

129 1309 319 1380 coatinpeatia
340 1323 438 1364 omnes
461 1306 583 1378 eupales
605 1306 699 1378 119111
720 1307 881 1364 intrinsece.

194 1396 279 1454 Dixit
292 1396 424 1453 Yausus:
439 1391 568 1462 Quidam
582 1396 785 1469 opposuerunt
798 1393 867 1452 huie
876 1394 942 1454 loco
953 1397 984 1453 et
994 1386 1152 1454 dixerunt

128 1505 221 1562 quare
243 1486 402 1544 Euomnas
429 1481 585 1558 preposuit
611 1482 665 1540 hee
693 1482 839 1542 elementa
866 1482 1154 1559 1111111111111111

127 1575 190 1651 ipse
213 1593 272 1633 non
296 1574 420 1648 poneret
442 1571 473 1627 in
497 1590 531 1629 ea
554 1569 612 1629 nisi
633 1569 746 1648 figuras
769 1571 932 1647 descriptas
950 1572 1028 1632 eirea
1047 1573 1154 1632 eircu-

88 1679 114 1718 1o
127 1665 181 1737 los,
205 1663 312 1739 quibus
335 1661 389 1718 hee
412 1659 559 1717 elementa
582 1660 613 1716 in
635 1659 727 1718 nullis
750 1663 822 1718 sunt
844 1661 1018 1720 necessaria.
1064 1659 1153 1720 11160

128 1755 238 1824 autem,
262 1748 342 1825 quod
365 1749 430 1823 ipsa
453 1766 513 1805 non
536 1748 573 1805 ob
597 1748 679 1806 aliud
702 1749 851 1824 apposuit,
874 1749 931 1808 nisi
950 1753 987 1808 ut
1006 1749 1157 1810 doctrine

129 1843 205 1898 esset
228 1837 383 1897 sufficiens.

194 1927 379 1984 Auamrrus:
397 1924 468 1984 Ideo
487 1924 645 1984 Euonrnas
665 1925 805 2002 apposuit
822 1927 876 1985 heo
895 1928 1050 2003 elementa,
1069 1915 1161 2003 quja

128 2016 235 2088 noluit,
257 2018 293 2072 ut
315 2013 476 2089 principia,
500 2033 518 2072 a
541 2014 648 2090 quibus
672 2018 830 2073 sumuntur
851 2015 1043 2091 probationes
1065 2016 1160 2093 figu‘

90 2119 114 2159 15
129 2123 244 2176 rarum,
271 2123 328 2178 que
356 2102 526 2161 scribuntur
552 2104 633 2162 intra
660 2104 735 2162 alias
758 2103 869 2181 figuras
892 2106 941 2164 vel
965 2105 1043 2164 eirea
1065 2101 1161 2164 alias

128 2194 248 2271 figuras,
271 2211 330 2251 non
354 2195 512 2250 sumantur
534 2192 591 2250 nisi
615 2212 650 2250 ex
672 2191 789 2270 figuris,
813 2213 871 2268 que
895 2194 1085 2253 eontinentur
1114 2182 1158 2242 11¹

128 2283 183 2341 hoo
210 2282 295 2342 libro.
343 2280 550 2357 Superfieiales
578 2300 648 2339 vero
674 2301 786 2355 earum,
809 2300 884 2357 quas
907 2282 940 2340 in
962 2283 1019 2342 hoe
1040 2264 1157 2359 posuit

128 2371 216 2446 libre,
246 2374 315 2430 sunt
342 2370 436 2447 figure
463 2370 529 2443 ille,
557 2388 632 2445 quas
659 2369 691 2427 in
717 2371 774 2428 hae
800 2373 886 2449 parte
913 2371 1081 2447 descripsit,
1115 2354 1155 2416 et

129 2461 232 2519 attulit
250 2480 284 2518 ex
303 2460 344 2518 eis
364 2460 422 2517 duo
442 2477 558 2535 genera,
578 2478 634 2533 que
654 2459 908 2534 comprehendunt
924 2479 1024 2520 omnes
1039 2463 1151 2536 super'

88 2563 115 2602 20
128 2549 252 2622 fieiales,
285 2548 397 2606 seilicet
426 2548 571 2606 eireuium
599 2550 629 2605 et
655 2547 783 2624 figuram
810 2548 1028 2624 superficialem
1054 2534 1147 2607 reoti'

127 2638 250 2712 lineam,
275 2640 305 2695 et
328 2637 465 2711 ostendit,
489 2636 619 2711 qualiter
640 2656 702 2694 una
724 2636 805 2694 intra
824 2637 916 2695 aliam
935 2640 965 2696 et
984 2638 1044 2696 1111
1062 2637 1143 2696 oiross

128 2728 219 2786 aliam
250 2726 447 2799 describatur,
481 2727 511 2782 et
542 2725 725 2799 pretermisit
757 2744 906 2801 apponere
933 2727 1138 2802 probationem

128 2835 219 2892 supra
245 2815 320 2872 alias
344 2814 455 2890 speeies
479 2813 711 2889 superficialium
733 2814 908 2873 habentium
930 2818 1014 2874 reeta
1036 2816 1133 2875 leura

129 2925 256 2981 quarum
279 2903 337 2962 alie
360 2903 437 2961 fiunt
458 2902 539 2960 intra
562 2903 645 2960 aliae.
688 2902 856 2961 Secundum
878 2903 943 2980 hoo,
966 2905 1048 2980 quod
1065 2894 1132 2960 dixit

87 3008 113 3048 as
127 2995 159 3053 in
186 2994 232 3052 his
260 2989 333 3070 <et>
362 2992 502 3068 apposuit
524 2992 555 3049 in
577 2992 633 3050 hae
656 2995 755 3067 parte,
778 2992 892 3068 innuit,
915 2993 997 3068 quod
1019 2993 1051 3051 in
1072 2985 1129 3050 aliis

128 3083 167 3142 sit
185 3082 362 3140 faciendum.
394 3081 522 3156 Ideoque
541 3081 683 3156 apposuit
702 3081 802 3140 omnia
820 3081 976 3157 elementa,
995 3100 1053 3158 que
1071 3076 1128 3139 suni

127 3170 292 3230 necessaria
312 3169 456 3243 omnibus,
478 3169 532 3244 qui
550 3173 680 3244 querunt
698 3170 730 3227 in
749 3170 922 3247 geometria,
940 3171 972 3228 in
985 3171 1042 3232 hoo
1054 3168 1128 3228 libro.

127 3262 168 3319 Et
196 3260 287 3318 etiam
315 3259 372 3316 alie
399 3258 493 3334 figure
522 3259 722 3333 superficiales
745 3259 881 3336 indigent
904 3259 943 3318 ad
966 3259 1014 3319 sui
1034 3257 1129 3336 proba·

200 3454 241 3502 14.
262 3463 278 3500 a
297 3462 360 3514 quo.
383 3477 415 3484 -
435 3451 476 3499 23.
497 3443 693 3514 superficiales.
713 3478 748 3486 —
766 3451 807 3501 25.
828 3448 857 3500 et
875 3445 977 3502 innuit.
