2408 3848
434 132 484 184 AD
502 130 688 186 EUOLIDEM
706 131 773 187 LIB.
788 131 820 186 X.
1060 131 1125 195 215

116 302 212 378 figura
226 301 366 359 secunda:
391 318 487 375 „curn
505 301 698 374 minuetur,
721 299 922 358 remanebit
943 300 1126 359 residuum

117 391 274 448 existens
311 391 425 448 minus
462 389 671 464 quantitate
709 387 914 464 communi“,
955 408 1014 464 qua
1051 389 1126 447 dixit

115 479 280 537 mensurari
303 497 353 536 eas
372 497 481 536 omnes.
518 478 584 535 Hiis
603 497 672 536 vero
693 477 808 537 duabus
828 478 1049 553 quantitatibus
1068 478 1124 536 due

117 568 254 626 accidunt
280 567 484 641 habitudines,
516 586 641 643 quarum
668 586 728 624 una
757 570 802 626 est
830 567 953 642 positia,
986 586 1042 642 que
1070 569 1123 642 est,

118 657 258 732 quoniam
286 659 356 714 sunt
383 654 645 729 communicantem
678 659 708 714 et
736 656 862 714 secunda
891 659 936 715 est
964 655 1124 714 secundum
1154 665 1167 706 5

114 748 262 818 naturam,
286 764 343 820 que
367 747 420 819 est,
444 745 584 819 quoniam
607 747 676 803 sunt
698 745 895 803 diminuentes
918 745 1061 819 usquein
1079 744 1123 801 in·

114 834 240 894 finitum.
291 834 370 909 Ergo
399 833 558 892 secundum
581 837 698 909 partem
719 833 875 909 positionis
898 836 1051 892 mensurat
1074 852 1123 892 eas

117 923 270 998 quantitas
295 923 403 998 aliqua,
428 941 486 998 que
508 922 541 979 in
559 922 654 999 figura
673 923 801 980 secunda
820 924 972 998 quantitas
991 925 1048 996 est3
1073 923 1124 980 sed

115 1012 275 1069 secundum
306 1014 423 1087 partem
454 1014 560 1070 nature
593 1031 658 1068 eam
689 1011 820 1070 invenire
848 1011 1029 1087 impossibile
1058 1011 1124 1086 erit,

119 1101 189 1175 quia
217 1100 374 1158 diminutio
402 1102 537 1175 pervenit
564 1100 603 1158 ad
625 1100 837 1175 quantitatem,
867 1120 925 1174 que
950 1101 1006 1157 erit
1027 1100 1166 1164 min0r11⁰

115 1189 283 1264 quant'tate
307 1189 468 1263 communi,
492 1209 548 1264 que
571 1189 670 1264 posita
694 1192 751 1262 est,
775 1208 832 1264 que
856 1190 901 1246 est
923 1188 1076 1263 quantitas
1101 1206 1123 1264 c,

115 1280 146 1335 et
176 1277 252 1335 illud
284 1280 341 1350 est,
374 1278 450 1336 sicut
483 1278 641 1336 secundum
672 1277 879 1352 probationem
910 1276 998 1335 huius
1029 1277 1124 1354 figure

116 1367 219 1424 similis
243 1366 345 1441 prime.

202 1455 352 1514 Additio
375 1456 493 1532 figure
516 1446 670 1535 terciel)

203 1545 271 1602 Non
300 1544 336 1602 ob
366 1545 448 1602 atiud
475 1543 550 1601 dixit
572 1545 744 1603 Euomnns:
784 1543 887 1616 „volo
920 1533 1169 1623 ostenderam

113 1633 277 1708 qualiter
307 1633 518 1692 inveniatur
548 1635 662 1691 maior
693 1633 881 1707 quantitas
913 1649 1122 1689 mensurans

114 1721 203 1780 duas
232 1723 462 1796 quantitates
495 1724 558 1779 aut
584 1725 657 1780 tres
690 1724 752 1778 aut
780 1721 902 1796 plures
932 1718 1013 1795 eis“,
1046 1721 1123 1778 siout

113 1810 145 1867 in
168 1811 290 1887 figura
314 1802 477 1891 quartat)
502 1811 585 1885 dixit,
608 1811 665 1869 nisi
685 1810 766 1885 quod
783 1811 837 1868 1166
856 1809 1009 1885 quantitas
1027 1810 1123 1868 maior

114 1901 160 1956 est
183 1918 227 1972 ea,
250 1919 307 1974 que
331 1902 482 1958 mensurat
500 1899 573 1957 duas
593 1900 784 1974 quantitates
809 1901 839 1957 et
857 1918 952 1974 neque
971 1900 1123 1956 mensurat

113 1990 213 2060 preter
245 2006 294 2046 eas
328 2008 362 2045 611
395 1989 450 2062 eis,
483 2007 539 2062 qne
572 1991 640 2046 sunt
667 1988 795 2048 minores
824 1989 873 2047 eis.
926 1987 1123 2047 Inveniuntur
1136 1999 1163 2039 ao

113 2078 215 2132 tamen
248 2077 432 2150 quantitates
460 2077 553 2134 multe
582 2080 611 2134 et
633 2077 762 2150 infinite,
795 2095 923 2152 quarum
944 2095 1121 2151 unaqueque

113 2166 266 2221 mensurat
285 2164 358 2222 duas
378 2165 562 2239 quantitates
580 2166 692 2239 positas
716 2167 769 2222 aut
786 2168 847 2224 tres
866 2183 918 2224 aus
937 2166 1036 2240 plures
1054 2165 1122 2238 hiis,

114 2251 166 2309 sed
189 2271 289 2310 omnes
313 2255 383 2311 sunt
404 2254 532 2310 minores
554 2255 667 2311 maiore
691 2255 861 2329 quantitate
885 2253 1040 2328 communi,
1064 2272 1121 2328 que

112 2344 265 2398 mensurat
288 2341 361 2399 duas
385 2341 576 2416 quantitates.

202 2429 286 2487 Dixit
309 2421 521 2507 Gnounrnn.³)
567 2431 635 2488 Non
659 2430 696 2488 ab
721 2431 803 2488 aliud
825 2429 939 2489 invenit
962 2430 1120 2488 Euamnns
1136 2441 1162 2482 as

184 2623 208 2672 2.
238 2616 350 2671 comuni
378 2618 464 2672 etsie
486 2634 594 2686 semper.
624 2649 657 2657 -
685 2623 710 2670 9.
742 2633 805 2671 eam
828 2615 965 2687 invenire]
993 2632 1056 2670 cum
1079 2616 1121 2669 in-

113 2687 235 2741 venient.
255 2721 290 2728 —
310 2693 351 2742 18.
372 2687 452 2757 dixit,
471 2687 538 2760 nisi]
558 2687 651 2742 dicam
669 2687 726 2742 ubi.

185 2869 210 2936 1)
229 2866 365 2920 Eucnmns
380 2865 438 2933 X,3
453 2865 605 2935 (Guarinus
620 2867 649 2919 et
662 2865 830 2920 Hnrnnaoms
848 2864 947 2935 idem):
967 2866 1120 2934 Propositus

112 2938 220 2991 duabus
249 2938 449 3007 quantitatibus
479 2938 652 3006 inequalitas
679 2938 940 2992 communicantibus
971 2938 1121 2991 mouturam

112 3010 290 3076 quantitatem
304 3009 479 3062 communiter
493 3024 538 3062 eas
551 3015 736 3063 numerantem
749 3010 879 3062 inuenire.
904 3008 953 3062 En
965 3009 1015 3062 boc
1028 3009 1120 3077 itaque

112 3081 287 3145 manifestum
304 3086 349 3135 est.
383 3079 439 3148 Qua
453 3080 524 3133 duas
537 3079 647 3134 metitur
659 3081 835 3149 quantitates,
853 3080 1002 3134 maximam
1016 3095 1120 3148 quoque

111 3153 288 3205 communiter
305 3151 399 3205 ambas
416 3152 564 3205 metientem
581 3152 679 3204 metiri.

183 3226 209 3284 2)
228 3221 364 3276 Encnmns
378 3221 439 3289 X,4
453 3221 604 3290 (Caucasus
620 3223 649 3274 et
661 3220 829 3274 menncrus
848 3220 945 3291 idem):
965 3221 1120 3290 Propositis

111 3293 199 3346 tribus
217 3294 417 3362 quantitatibus
435 3293 696 3348 communicantibus
713 3294 862 3347 maximam
880 3309 926 3346 eas
944 3292 1119 3346 communiter

112 3371 298 3418 numerantem
315 3365 445 3419 inuenire.

184 3436 210 3503 3)
229 3433 297 3498 Quis
316 3433 354 3487 sit
371 3433 420 3488 ille
440 3433 623 3504 ‚‚Gn0unrnn“
641 3433 789 3502 nescimus,
810 3449 862 3487 nec
880 3435 975 3503 potest
993 3433 1038 3486 hic
1057 3449 1118 3487 esse

112 3501 248 3557 Eucnrnns
263 3504 332 3574 ipse,
347 3522 430 3573 quem
444 3504 509 3558 aliis
523 3505 593 3559 locis
604 3505 968 3572 Anan1r1us„Geometram“
981 3503 1122 3558 nominat.
