2408 3848
315 122 316 127 Ν
405 72 455 166 ao
474 107 660 168 nummsu
677 107 743 168 um.
758 110 778 167 1.
1055 106 1096 176 13

86 279 333 357 convenientiori,
371 295 432 357 qua
465 281 610 360 signatur,
642 276 723 356 quod
754 280 818 357 ipse
849 281 889 340 sit
920 276 1034 340 medius
1065 280 1098 338 ‘m

86 369 270 446 quantitate,
303 386 371 429 eum
401 370 488 429 dixit:
516 370 597 445 qnod
624 371 781 446 angulus
809 372 864 429 est
890 370 1098 429 coniunctio

86 459 299 535 superficiei
332 462 395 518 aut
422 459 586 535 eorporis
612 459 656 517 ad
682 474 790 517 unum
817 462 1005 535 puuctum,
1031 471 1099 534 que

88 548 406 624 comprehenditur
424 565 445 607 a
460 548 560 606 linea
572 562 685 607 curva
695 551 758 607 aut
772 547 970 624 superficie
984 550 1099 606 acuta

87 638 134 696 Ex
164 638 219 695 hoc
251 637 442 714 significavit,
476 637 556 712 quod
583 638 628 695 est
643 637 822 712 quantitas,
855 641 885 696 et
912 633 1139 714 significante

89 725 171 802 qnod
202 725 267 784 eius
298 726 409 801 species
441 729 487 784 est
518 725 671 802 medietas,
704 742 772 784 oum
803 726 892 801 dixit,
923 726 1098 801 quodeci-

86 815 253 892 iungtmtur
276 815 314 872 ad
336 833 431 873 unum
453 816 607 891 punctum,
631 816 662 872 et
684 815 763 891 quod
782 812 1002 890 comprehendit
1019 815 1100 873 linea

87 920 182 962 curve
209 907 263 962 aut
290 903 459 979 superficies
485 905 582 962 acute.
632 900 709 962 Tum
731 922 802 964 vero
825 904 922 963 socius
945 895 1100 984 Aoams¹)

87 1009 124 1051 eo
151 992 230 1067 quod
256 991 333 1050 vidit
358 993 565 1051 momorum
590 993 738 1068 excepisse
764 996 869 1068 postea
891 992 1098 1053 diffinitionem

87 1096 186 1156 suam,
216 1099 284 1139 oum
311 1081 399 1156 dixit,
428 1082 509 1158 quod
530 1098 590 1139 non
612 1082 758 1157 convenit,
783 1085 819 1140 nt
842 1081 896 1140 hee
917 1082 957 1140 sit
980 1081 1097 1140 miver-
1112 1094 1138 1134 ro

88 1170 159 1229 salis
187 1169 339 1245 diffinitio,
368 1170 420 1229 sed
446 1169 583 1229 convenit
607 1170 646 1228 ad
668 1169 910 1248 constringendos
933 1170 1044 1247 species
1068 1173 1098 1228 et

75 1251 294 1334 'umnerandas
320 1259 460 1318 diffinivit
481 1259 537 1318 hoc
560 1259 647 1318 modo
671 1259 817 1335 angulum
839 1259 950 1318 dicens:
978 1260 1096 1336 Angu-

87 1348 145 1406 lus
173 1350 226 1406 est
255 1349 443 1423 quantitas
470 1348 604 1406 hebens
632 1347 884 1423 dimensiones,
912 1348 1014 1406 ouius
1041 1366 1097 1406 ox-

87 1435 296 1494 tremitetes
331 1437 549 1512 perveniunt
585 1436 628 1494 ad
663 1453 772 1494 uuum
803 1438 982 1512 punctum.
1036 1437 1097 1496 Iste

86 1520 210 1600 quidem
242 1543 277 1584 ex
308 1525 488 1607 h00„qu0d
520 1526 611 1584 dixit:
645 1525 800 1602 „habens
832 1523 1097 1584 dimensiones“
1112 1534 1139 1578 15

87 1613 242 1674 coniunxit
260 1615 511 1690 communitatem,
531 1634 588 1690 que
607 1618 652 1673 est
670 1615 749 1673 inter
762 1613 977 1690 superficialem
991 1617 1022 1672 et
1036 1632 1100 1672 oor-

86 1720 223 1778 porcum,
256 1706 287 1761 at
313 1704 461 1762 intellexit
487 1704 748 1779 inseparationem,
777 1722 835 1779 que
862 1705 908 1761 est
934 1702 1012 1760 inter
1040 1718 1100 1778 eos,

54 1796 59 1807 '
87 1794 121 1850 et
147 1792 255 1867 voluit,
283 1795 319 1850 ut
341 1812 377 1850 ex
399 1792 496 1851 verbis
520 1792 583 1851 sius
606 1793 839 1870 intelligeretur,
867 1792 946 1868 quod
969 1792 1099 1869 angulus

88 1880 297 1963 superficialis
320 1881 412 1939 habet
442 1881 659 1958 longitudinem
691 1885 721 1940 ot
751 1881 954 1957 latitudinem,
992 1882 1022 1938 et
1053 1883 1099 1939 est

85 1968 199 2028 habens
227 1969 302 2029 duas
329 1970 532 2028 dimensiones
578 1971 619 2029 Et
645 1971 771 2029 forsitan
798 1971 1023 2050 convenientius
1046 1971 1098 2044 est,
1113 1982 1140 2022 ao

86 2058 125 2115 ut
155 2059 284 2135 angulus
315 2061 446 2134 ponatur
476 2058 609 2117 medians
641 2061 672 2117 'm
704 2060 887 2135 quantitate,
920 2059 1032 2118 seilicet
1063 2059 1100 2116 ut

87 2147 283 2222 superficialis
315 2148 355 2206 sit
382 2148 499 2206 medius
529 2149 608 2206 iuter
641 2148 825 2223 superficiem
857 2151 887 2206 et
913 2148 1036 2222 lineam,
1068 2148 1099 2205 et

87 2253 248 2310 corporeus
285 2236 326 2294 sit
355 2237 470 2295 medius
502 2237 581 2295 iuter
613 2236 796 2312 superficiem
828 2240 859 2295 et
890 2252 1004 2311 corpus.
1059 2236 1100 2294 Et

88 2324 218 2382 forsitan
241 2324 350 2400 aliquis
373 2324 500 2383 diffiniet
522 2326 668 2402 angulum
691 2329 721 2383 et
744 2325 834 2384 dicet:
857 2325 1021 2402 Angulus
1045 2326 1099 2382 est
1139 2372 1141 2375 .

87 2414 292 2488 quantitas,
317 2432 421 2488 quam
444 2415 714 2490 comprehendit
736 2414 892 2473 vicinior
910 2413 1140 2488 quantitasne

87 2501 375 2578 quantitatibus
408 2521 474 2578 que
508 2521 545 2560 eo
579 2503 821 2578 simpliciores
852 2502 1028 2576 existunt,
1061 2501 1100 2559 ad

87 2608 198 2663 unum
233 2591 487 2667 pervenientes
523 2596 702 2666 punctum.
758 2591 802 2651 Eo
840 2594 941 2650 eutem
976 2592 1008 2648 in
1044 2591 1100 2649 hac

88 2678 267 2738 diffinitione
308 2679 422 2738 dictum
458 2683 503 2738 est
539 2677 835 2756 „simpliciores“,
877 2681 1032 2755 quoniam,
1074 2680 1100 2737 si

87 2768 183 2826 ferent
210 2769 340 2846 angulus·
363 2768 569 2844 superficialis,
597 2770 660 2844 ipse
682 2773 755 2828 tunc
777 2769 892 2828 medius
914 2770 993 2827 inter
1014 2767 1098 2844 illud,

88 2856 172 2932 quod
193 2857 282 2916 habet
301 2871 400 2915 unam
412 2858 630 2934 dimensionem,
654 2860 684 2916 et
702 2859 786 2933 illud,
810 2858 890 2934 quod
908 2857 999 2916 habet
1017 2857 1098 2933 duas,
1114 2871 1140 2910 so

89 2964 162 3022 ergo
194 2946 444 3022 comprehendunt
476 2965 544 3004 eum
575 2947 664 3020 linee3
698 2949 728 3005 et
760 2948 785 3006 si
814 2947 907 3005 fuerit
934 2962 1099 3023 corporeus,

89 3035 343 3110 comprehendunt
370 3055 439 3093 curn
467 3036 642 3110 superficies.
688 3037 729 3094 lit
755 3035 836 3112 quod
863 3036 976 3095 dictum
1002 3035 1100 3094 estin

35 3258 43 3267 “
134 3264 137 3271 ’
162 3263 186 3312 4.
207 3258 485 3327 comprehenduntur.
504 3292 539 3299 —
558 3265 582 3312 9.
598 3258 804 3328 Appollonium.

163 3492 189 3558 1)
207 3490 359 3543 Asuu1s=
375 3488 503 3543 (isumus.
