2408 3848
122 174 188 238 270
409 174 575 228 ANARITII
593 172 849 228 COMMENTARII

120 362 150 418 r,
179 347 209 401 et
236 345 252 401 b
279 344 311 400 in
339 361 366 417 e,
394 344 425 400 et
451 343 504 401 fiat
530 344 561 417 b,
588 346 617 400 et
638 361 658 416 9
680 343 711 399 in
734 361 765 416 o,
788 346 819 400 et
840 343 998 417 proveniat
1021 347 1044 401 t:
1071 344 1142 405 dico

94 429 98 436 '
120 433 227 509 igitur,
257 431 338 506 quod
364 431 444 490 linea
472 436 483 488 i
510 435 554 490 est
579 431 664 489 radix
690 431 799 489 radicis
826 432 903 489 lineo
929 450 957 506 a,
987 433 1071 507 quod
1095 435 1142 492 sic

120 521 273 596 probatur.
311 519 459 588 Quoniam
481 520 542 578 iam
564 521 712 595 scivimus,
735 520 816 595 quod
837 522 856 578 b
880 523 925 579 est
946 521 1032 578 radix
1055 541 1087 597 a,
1107 527 1141 582 et

120 609 281 669 secundum
304 610 394 667 huius
415 609 640 668 similitudinem
659 609 833 683 ostenditur,
857 608 936 684 quod
955 614 966 667 t
983 613 1029 668 est
1048 611 1140 670 radix

94 700 151 774 bb,
174 699 316 774 quoniam
336 717 356 772 9
379 700 424 756 θεὴ
446 698 531 756 radix
554 700 582 774 b,
607 702 637 756 et
659 717 676 756 c
700 702 745 757 est
767 697 852 756 radix
875 717 897 756 e.
935 697 993 756 Sed
1016 700 1032 757 b
1057 701 1137 758 mul-

119 788 276 863 tiplicatur
297 787 329 845 in
354 805 380 861 e,
404 789 434 845 θὴ
455 787 490 844 fit
512 789 543 861 lc3
568 790 597 845 et
618 806 638 861 9
660 788 691 844 in
714 807 744 862 e,
769 790 798 845 et
820 787 958 862 provenit
979 792 1003 862 t,
1026 807 1101 866 ergo
1127 795 1139 848 t

119 881 164 935 est
186 877 271 935 radix
293 878 320 934 b.
367 876 424 934 Sed
446 878 465 934 b
489 880 534 935 est
555 876 640 934 radix
662 895 690 935 a:
720 895 789 953 ergo
812 880 824 933 t
846 878 891 934 est
913 876 999 934 radix
1021 878 1138 937 radicis

117 985 146 1039 23
170 968 200 1022 et
223 965 300 1023 illud
323 969 380 1040 est,
405 965 484 1041 quod
507 965 707 1024 demonstrare
730 964 887 1023 voluimus.

206 1055 437 1129 Propositum
465 1054 738 1132 aggregationis
765 1054 932 1112 radicum.
979 1052 1057 1112 Oum
1081 1075 1135 1116 vo·

78 1155 104 1194 1o
117 1143 260 1201 luerimus
284 1163 446 1220 aggregare
468 1145 606 1201 radicem
621 1144 735 1201 numeri
757 1142 851 1200 radici
874 1143 999 1217 numeri,
1023 1163 1133 1222 aggre—

117 1231 253 1307 gabimus
268 1233 326 1290 duo
347 1233 495 1307 quadrata
514 1233 641 1291 duorum
658 1233 800 1306 radicum,
819 1231 928 1306 quibus
947 1234 1135 1307 superaddes

116 1321 246 1379 radicem
278 1321 355 1396 eius,
383 1322 464 1397 quod
490 1323 627 1397 provenit
655 1341 690 1379 ex
712 1321 961 1396 multiplicatione
984 1321 1076 1380 unius
1100 1325 1133 1381 in

117 1410 245 1468 alterum
275 1411 329 1469 bis.
375 1411 448 1468 Eius
481 1430 550 1488 ergo
577 1410 684 1486 totius,
713 1409 792 1487 quod
820 1411 969 1485 provenit,
996 1411 1133 1470 radicem

117 1517 260 1574 assumes,
288 1519 346 1574 que
374 1501 431 1558 erit
457 1501 544 1575 illud,
578 1500 658 1576 quod
685 1492 857 1576 queriturl)
909 1499 1000 1557 Verbi
1028 1503 1133 1576 gratia

77 1600 102 1641 ιε
117 1589 254 1647 volumus
276 1608 438 1665 aggregare
456 1589 586 1648 radicem
604 1609 712 1647 novem
728 1587 821 1647 radici
841 1589 975 1662 quatuor.
1012 1589 1132 1667 Aggre-

115 1697 167 1754 gas
195 1678 289 1754 igitur
310 1697 417 1736 novem
440 1681 470 1735 et
493 1681 634 1752 quatuor,
661 1697 697 1735 ex
720 1679 785 1752 qui-

115 1766 170 1824 bus
187 1766 363 1841 provenient
379 1766 547 1840 tresdecim,
567 1766 673 1841 quibus
693 1766 784 1823 addas
842 1793 868 1843 9
955 1750 973 1799 b
1099 1785 1125 1820 a

113 1855 243 1912 radicem
260 1855 414 1912 novenarii
435 1855 666 1929 multiplicatam
688 1854 720 1912 in
737 1874 784 1913 ra-

113 1942 209 2000 dicem
232 1943 415 2017 quaternarii
438 1942 552 2002 duabus
574 1943 702 2018 vicibus,
727 1964 783 2019 que

73 2045 99 2083 ao
113 2034 158 2089 est
186 2031 352 2090 duodecim:
380 2033 438 2089 erit
467 2052 536 2108 ergo
564 2035 675 2106 totum,
704 2033 784 2108 quod

111 2120 279 2194 proveniet,
302 2119 411 2196 viginti
434 2121 575 2197 quinque,
599 2121 681 2179 cuius
699 2123 784 2180 radix
1097 2111 1100 2123 ¹

113 2211 158 2266 est
190 2209 336 2283 quinque,
373 2210 425 2285 qui
457 2213 502 2268 est
535 2213 715 2288 aggregatus
748 2232 783 2269 ex
848 2233 865 2267 e
957 2259 978 2289 ,.
1099 2217 1125 2263 d

112 2297 227 2355 duabus
272 2297 431 2357 radicibus.
502 2299 566 2357 Aut
613 2300 782 2377 aggregabo

113 2385 172 2444 duo
210 2387 370 2462 quadrata,
408 2392 438 2446 et
468 2388 541 2447 fient
571 2388 741 2462 tresdecim3
779 2389 883 2448 deinde
915 2391 1129 2465 multiplicabo

72 2487 98 2528 ao
112 2495 205 2532 unum
240 2477 272 2533 in
308 2476 390 2534 aliud
427 2480 546 2552 quater,
588 2482 617 2536 et
657 2478 729 2536 fient
770 2482 888 2537 centum
924 2481 1130 2557 quadraginta

113 2566 256 2640 quatuor,
294 2565 377 2623 cuius
414 2566 558 2641 accipiam
594 2567 736 2642 radicem,
778 2587 834 2643 que
874 2571 919 2626 θεὴ
959 2569 1128 2648 duodecim,

112 2656 142 2710 et
174 2653 282 2711 addam
313 2673 403 2729 super
433 2655 604 2730 tresdecim,
635 2659 665 2714 et
692 2657 734 2714 sio
762 2658 818 2716 erit
844 2657 954 2734 viginti
982 2658 1127 2738 quinque,

111 2741 195 2800 ouius
227 2743 312 2800 radix
344 2746 388 2823 est
421 2745 564 2820 quinque,
597 2745 648 2820 qui
678 2748 723 2803 θεὴ
749 2765 864 2804 summa
892 2746 1016 2804 duorum
1042 2748 1127 2806 radi-

111 2849 185 2888 cum.
236 2827 397 2908 <Probatio
431 2829 524 2912 eius>
575 2832 704 2910 Signabo
736 2834 839 2910 itaque
871 2834 994 2909 lineam,
1032 2854 1127 2912 super

72 2935 98 2973 ao
112 2938 172 2994 qua
195 2923 240 2977 est
263 2922 317 2995 ob,
341 2941 431 2996 quam
452 2941 562 2997 ponam
584 2922 713 2981 radicem
735 2924 822 2982 unius
841 2924 966 2983 duorum
984 2944 1125 2985 numero·

184 3096 225 3144 11.
249 3090 389 3158 quadrati.
417 3124 451 3131 —
478 3108 655 3147 numerorum
677 3093 811 3148 radicum.
841 3126 872 3133 -
903 3099 943 3147 14.
968 3094 1043 3161 quod
1066 3113 1125 3163 que

110 3162 229 3215 rectunt.
249 3194 283 3201 -
308 3166 419 3217 15-16.
438 3166 564 3232 Agragas
583 3171 608 3219 ct
625 3167 664 3219 sc'c
682 3182 790 3234 semper,
810 3197 844 3206 —
865 3170 979 3218 22-23.
999 3181 1032 3218 ex
1051 3165 1124 3220 dua-

110 3231 163 3286 bus
181 3231 296 3286 vicibus.
315 3265 350 3273 -
369 3240 410 3288 25.
431 3237 564 3289 centrum.

182 3401 1122 3503 ommffiffifflmmffiffiffi

109 3542 377 3626 =fflssia=53
397 3514 1122 3628 ,ffi†p'5=pslffiffl=pffi
