2408 3848
403 151 453 204 AD
472 150 656 205 EUCLIDEM
673 150 740 204 LlB.
755 150 788 204 X.
1034 148 1099 212 269

86 341 120 396 9,
151 324 182 379 et
208 321 262 378 fiat
289 339 320 379 o:
349 319 413 378 dico
441 319 547 396 igitur,
576 318 655 394 quod
682 337 696 378 c
723 321 769 378 cst
790 319 882 377 radix
897 338 927 394 u,
956 318 1036 393 quod
1058 319 1100 377 sio

88 410 241 486 probatur.
279 408 426 478 Quoniam
449 407 528 466 euim
550 409 667 484 scimus,
692 408 772 483 quod
794 428 830 466 ex
850 407 1121 483 multiplicatione·

89 502 106 558 b
130 499 162 557 in
185 517 215 557 se
238 498 337 574 ipsum
360 497 548 573 provenite,
571 491 644 574 <et>
662 517 697 555 ex
719 496 969 572 multiplicatione
987 495 1051 555 eius
1069 497 1101 554 in

87 590 109 647 d
132 588 270 663 provenit
293 605 319 646 e:
344 605 413 664 ergo
436 585 590 662 proportio
614 588 630 645 b
654 585 692 644 ad
710 587 730 643 d
750 589 795 645 est
814 587 891 645 sicut
909 586 1062 662 proportio
1082 604 1102 644 u

90 677 130 735 ad
158 695 179 736 c.
226 676 267 734 Et
294 676 433 735 similiter
459 675 551 733 etiam
578 675 595 732 b
622 675 837 751 multiplicetur
863 675 895 733 in
920 677 952 751 d,
981 677 1012 733 et
1033 695 1100 750 pro·
1128 687 1141 727 ⁵

88 766 190 824 veniet
218 783 244 840 ες
274 769 304 823 et
331 766 351 822 d
377 763 596 839 multiplicetur
617 763 649 821 in
671 783 702 822 se
724 763 835 840 ipsam,
863 767 893 823 et
914 764 950 822 fit
969 783 1002 838 p:
1030 784 1100 840 ergo

91 855 247 932 proportio
271 855 288 912 b
311 853 349 911 ad
371 855 392 912 d
415 856 460 912 est
483 854 561 911 sicut
583 853 736 928 proportio
760 871 775 926 c
797 853 836 910 ad
855 871 887 927 9,
911 871 980 930 ergo
1001 853 1101 910 multi-

90 944 213 1020 plicatio
237 962 257 1002 a
278 943 310 1000 in
331 961 351 1016 9
373 945 419 1001 est
441 942 518 1001 siout
541 941 751 1017 multiplicatio
771 960 785 1000 e
802 943 833 999 in
853 961 883 1000 se
901 942 1005 1017 ipsam.
1044 941 1103 1000 Sed

90 1031 303 1108 multiplicatio
337 1050 356 1090 o
387 1031 419 1088 in
448 1049 468 1104 9
497 1034 542 1090 est
571 1050 602 1106 o,
636 1049 704 1108 ergo
732 1031 942 1106 multiplicatio
971 1049 985 1088 c
1012 1032 1044 1088 in
1070 1049 1101 1088 se

90 1122 188 1196 ipsam
216 1125 261 1179 est
287 1139 318 1179 o:
346 1139 416 1197 ergo
443 1114 501 1198 (a)
529 1121 574 1179 est
600 1119 685 1178 radix
712 1138 741 1193 υς
775 1122 805 1178 et
830 1119 907 1177 illud
934 1123 992 1193 est,
1021 1118 1101 1194 quod
1116 1140 1142 1178 10

92 1211 295 1269 demonstrare
317 1208 475 1267 voluimus.

181 1300 222 1357 at
236 1297 382 1372 similiter,
394 1298 420 1356 si
434 1297 563 1355 dicatur:
577 1297 784 1372 Multiplioa
798 1296 954 1354 radicem
967 1296 1102 1355 radicis

94 1407 220 1448 nouem
247 1389 283 1445 in
310 1386 466 1446 radicem
492 1386 626 1444 radicis
650 1377 847 1467 quatu0r‚1)
871 1385 928 1443 erit
950 1386 1005 1444 hoc
1028 1404 1103 1460 opus

92 1478 124 1534 in
155 1478 224 1552 hoc,
256 1479 292 1535 ut
323 1475 503 1552 multiplices
535 1494 641 1534 novem
672 1475 704 1532 in
736 1476 876 1550 quatuor,
913 1478 943 1533 et
975 1474 1103 1549 accipias
1180 1545 1182 1548 Α

98 2613 229 2672 radicem
250 2612 359 2671 radicis
382 2615 453 2689 eius,
477 2614 556 2690 quod
578 2613 724 2690 provenit.
760 2615 827 2674 Erit
850 2616 928 2673 enim
949 2616 1004 2675 hoo
1022 2617 1147 2693 illud,1⁵

100 2703 180 2779 quod
203 2701 389 2778 querebatur.
425 2703 517 2762 Verbi
537 2704 637 2781 gratia
654 2722 771 2780 ponam,
794 2707 829 2762 ut
847 2724 953 2764 novem
971 2705 1010 2765 sit
1028 2706 1108 2766 linea

99 2812 128 2867 a,
151 2791 235 2850 cuius
253 2791 338 2848 radix
356 2792 396 2850 sit
410 2793 440 2866 b,
464 2795 494 2850 et
511 2792 595 2851 radix
610 2795 626 2852 b
649 2794 689 2852 sit
702 2793 782 2852 linea
793 2812 825 2868 p:
844 2807 919 2871 'ergo
932 2795 1044 2870 lineap
1063 2799 1108 2854 est

98 2880 184 2939 radix
201 2880 309 2939 radicis
329 2899 356 2939 a.
393 2881 434 2940 Et
455 2901 574 2958 ponam,
596 2885 631 2941 ut
654 2884 784 2958 quatuor
808 2883 848 2941 sit
870 2883 949 2942 linea
972 2885 1000 2959 d,
1024 2884 1107 2943 cuius

99 2970 184 3028 radix
207 2969 247 3028 sit
269 2969 348 3028 linea
371 2989 398 3045 e,
422 2972 452 3028 et
473 2971 559 3029 radix
582 2990 595 3030 c
618 2970 658 3030 sit
677 2971 757 3029 linea
774 2991 805 3030 o:
829 2991 898 3049 ergo
916 2973 996 3031 linea
1013 2992 1031 3031 o
1051 2973 1107 3033 erit

99 3059 184 3117 radix
205 3058 314 3117 radicis
337 3061 364 3117 d.
403 3059 609 3135 Multiplieabo
632 3060 726 3138 igitur
749 3079 769 3120 o
790 3061 822 3119 in
844 3063 876 3137 d,
900 3065 930 3121 et
952 3063 1107 3138 proveniet
1121 3076 1147 3114 2⁰

171 3253 195 3298 2.
215 3245 353 3310 Quoniam
371 3246 435 3300 ideo
455 3245 595 3301 scivimus.
614 3279 648 3287 -
669 3253 709 3302 14.
730 3247 829 3302 aceias.
849 3280 882 3289 -
903 3254 944 3303 16.
964 3250 1107 3316 querceta-

100 3319 154 3370 tur.
173 3349 208 3356 -
228 3323 269 3372 18.
288 3320 321 3371 ut
337 3316 413 3371 linea
432 3319 561 3386 quatuor.

406 3498 675 3604 Usta-ists:
750 3563 756 3574 ·
879 3521 905 3528 „
