2408 3848
114 135 156 197 14
396 134 562 188 ANARITII
581 132 838 188 COMMENTARII

112 303 302 360 diffinitione:
326 302 613 377 „comprehendit
636 299 744 376 eum“,
767 300 833 360 ideo
855 301 991 359 additum
1010 303 1065 378 est,
1088 306 1131 362 ut

112 391 295 468 significetur
312 391 467 450 inclinatio
487 389 807 466 comprehendentium.
844 389 934 448 Lince
950 390 1028 449 enim
1041 395 1127 450 recte

112 499 179 539 cum
206 479 245 538 ad
271 499 365 537 unum
392 483 573 538 concurrunt
603 481 761 554 punctum,
789 480 814 536 si
836 474 937 557 <n0n>
961 480 1129 539 secundum

111 569 320 628 rectitudinem
353 569 584 644 coniungrmtur,
612 568 835 626 inclinationem
861 568 1129 643 comprehendunt.

84 657 249 734 stagnum
276 676 346 717 vero
374 656 568 732 superficialis
596 660 641 715 est
664 657 826 732 quantitas,
849 675 941 732 quam
964 656 1021 715 due
1045 676 1127 716 com-

109 746 297 822 prehendunt
318 746 395 804 linee
419 745 457 803 ad
479 765 572 803 unum
594 748 801 804 concurrentes
818 749 972 820 punctum,
995 764 1128 821 quarum

111 835 368 910 comprehensione
396 835 427 891 in
454 853 514 892 uno
541 837 653 910 puncto
673 879 826 908 ........
849 835 928 910 quia,
951 835 1023 893 licet
1044 835 1128 894 linea

111 912 170 983 non
193 922 445 1000 comprehendunt
467 924 612 1000 angulum
634 923 776 998 undique,
800 925 853 981 aut
874 923 1043 998 superficies
1062 943 1126 984 non

111 1013 363 1089 comprehendunt
389 1012 535 1088 undique,
563 1013 641 1071 sicut
666 1012 701 1070 fit
723 1012 755 1069 in
778 1012 845 1070 aliis
868 1011 986 1088 figuris,
1019 1015 1126 1073 tamen

71 1113 97 1154 ιο
110 1101 196 1162 flexio
224 1103 277 1160 illa
305 1105 335 1159 et
361 1101 515 1161 inclinatio
540 1105 584 1160 est
607 1102 709 1176 aliqua
732 1100 966 1176 comprehensio:
995 1100 1126 1162 dicimus

111 1191 198 1266 enim,
222 1191 302 1267 quod
324 1191 464 1250 introitus
487 1194 592 1266 portus
615 1189 837 1266 comprehendit
859 1208 974 1248 navem.

177 1280 261 1338 Dixit
284 1280 457 1339 Eucmnns:
481 1280 604 1354 Quurrdo
628 1281 684 1339 due
702 1280 783 1351 liure,
806 1296 861 1352 que
884 1280 1025 1353 capuana
1048 1296 1125 1338 mm·

105 1369 298 1442 pretendunt,
321 1370 432 1442 fuerat
452 1373 533 1446 reete,
557 1370 683 1442 capulus
706 1369 816 1426 dicetur
837 1369 1009 1427 rectilineus,

178 1456 275 1532 Supra
311 1459 366 1516 hoc
399 1456 643 1516 Snunnnrcmus:
680 1455 757 1525 Quia
789 1454 947 1516 Euonmns
980 1455 1125 1515 diffinivit

72 1556 96 1596 1⁵
111 1547 256 1624 angulum
287 1547 448 1607 universali
476 1545 666 1620 diffinitione,
698 1545 788 1603 rediit
816 1546 854 1603 ad
881 1543 1125 1622 specificandum,

111 1639 141 1694 et
168 1635 347 1713 significavit
375 1635 538 1694 secundum
564 1629 632 1709 hcc,
661 1633 742 1709 quod
769 1633 844 1692 dixit
871 1633 903 1691 in
930 1652 992 1691 una
1015 1634 1126 1710 specie,

111 1725 183 1801 quid
205 1726 237 1783 in
260 1724 385 1799 reliquis
409 1723 561 1797 speciebus
580 1722 620 1780 sit
638 1721 802 1780 dicendum.
832 1721 992 1791 ¹Quoniam
1009 1722 1124 1781 intelli-

110 1815 192 1892 gitur
219 1833 254 1871 ex
281 1813 327 1870 his
350 1811 460 1886 verbiS,
484 1811 575 1886 quod,
599 1811 623 1869 si
646 1811 760 1869 fuerint
783 1811 838 1868 due
861 1811 947 1886 linee,
972 1830 1029 1886 que
1053 1829 1124 1870 con·

110 1903 207 1960 tinent
235 1901 390 1978 angulum,
424 1899 608 1975 circonflcxe,
636 1899 838 1959 nominabitur
865 1900 1006 1977 angulus,
1035 1900 1125 1960 cuius

71 2000 96 2040 20
111 1991 168 2048 duo
189 1991 286 2047 latera
305 1990 376 2046 sunt
394 1988 591 2063 cnoumflexa3
616 1989 688 2047 etsi
707 1988 818 2046 fuerint
836 1988 921 2063 linee,
946 2008 1003 2064 que
1021 1988 1124 2064 ipsum

110 2077 373 2153 comprehendunt,
406 2078 580 2153 composite,
613 2077 716 2154 anguli
747 2078 844 2135 latera
875 2077 1015 2135 dicuntur
1042 2096 1124 2137 com·

110 2167 217 2244 posita,
241 2166 400 2224 secundum
423 2166 606 2241 divisionem,
630 2185 686 2241 que
709 2166 858 2241 precessit.

176 2255 261 2314 Dixit
284 2256 456 2314 Encamns:
486 2255 560 2314 Oura
582 2257 660 2314 linea
686 2259 764 2313 rectu
791 2250 879 2328 super
905 2258 1012 2312 recture
1036 2256 1124 2328 eripi-

110 2350 158 2404 tur
191 2346 310 2413 lineare,
343 2349 369 2402 et
398 2345 520 2416 fuerent,
536 2346 593 2402 duc
620 2345 734 2417 eupuli,
767 2345 817 2416 qul
843 2347 913 2402 suut
937 2345 971 2401 r'rr
996 2347 1124 2416 utruque

71 2446 96 2486 25
105 2437 205 2508 purte,
237 2434 363 2507 equales,
390 2421 508 2506 uterque
536 2450 634 2491 eorurrr
665 2437 707 2491 est
733 2436 835 2503 rectus,
871 2436 896 2491 et
922 2433 1000 2490 linea
1028 2436 1126 2492 uecta

110 2525 217 2582 dicitur
233 2523 488 2596 perpendicularis
510 2540 598 2595 super
619 2522 702 2580 illam
725 2522 839 2580 lineam.

177 2611 274 2687 Supra
296 2611 352 2670 hoc
376 2609 618 2669 Samnnnrcmus:
644 2608 720 2679 Quia
743 2609 846 2687 anguli
869 2609 980 2685 species
1004 2609 1124 2669 duobus

109 2701 204 2760 modis
233 2698 481 2774 diversificantur,
509 2719 569 2758 uno
597 2698 761 2758 secundum
779 2698 907 2773 speciem
930 2698 1121 2773 comprehen-

110 2790 215 2864 dentis,
240 2789 298 2848 alio
322 2787 483 2846 secundum
505 2787 742 2865 magnitudinem
766 2787 812 2845 sui
830 2786 934 2862 ipsius,
958 2789 988 2846 et
1005 2787 1120 2846 Euom-

70 2891 96 2931 ao
110 2896 168 2937 nas
197 2879 258 2936 iam
286 2877 401 2934 dixerat
428 2875 609 2936 differentias
637 2876 700 2935 eius
728 2876 892 2934 secundum
918 2876 1006 2950 illud,
1039 2877 1122 2949 quod

109 2968 208 3043 ipsum
245 2964 478 3041 comprehendit,
516 2965 590 3024 dixit
625 2967 673 3024 hic
706 2964 886 3023 differentias
919 2963 1120 3039 superficiales

109 3055 270 3115 secundum
294 3054 494 3130 quantitatem
516 3055 618 3130 ipsius.
660 3054 797 3130 Angulus
817 3073 887 3130 ergo
905 3056 1003 3112 rectus
1022 3047 1121 3130 (est),

110 3164 199 3220 quem
235 3145 291 3202 due
322 3146 401 3202 recte
434 3143 684 3220 comprehendunt
714 3143 805 3216 linea,
843 3161 969 3218 quarum
1001 3161 1120 3217 queque

181 3374 204 3421 1.
224 3365 491 3437 comprehendentis.
512 3396 545 3406 -
568 3371 593 3418 4.
613 3363 836 3434 inclinationem]
855 3362 935 3417 inter.
957 3395 988 3403 -
1015 3369 1056 3418 17.
1075 3363 1119 3416 in-

108 3437 222 3580 qqlssiuq'it.
246 3471 281 3479 —
305 3444 346 3493 23.
365 3440 472 3492 rectam
491 3437 544 3491 erit
562 3435 656 3505 igitur.
680 3467 715 3474 —
739 3441 780 3488 24.
797 3434 919 3502 utrique.
944 3467 977 3474 —
1001 3440 1043 3488 27.
1064 3434 1119 3500 Qui
