2408 3848
403 157 452 212 AD
471 158 656 213 EUCLIDEM
675 158 742 212 LIB.
758 159 777 212 I.
1052 159 1093 222 31

83 319 228 403 circuli.¹)
285 327 326 385 Et
361 325 417 385 hoc
449 327 614 387 necessario
647 327 707 386 fuit
734 328 979 403 premittendum,
1016 329 1096 404 quod

83 415 213 475 essentia
240 415 365 474 materie
394 416 555 493 geometria
584 416 720 476 consistit
742 417 773 474 in
796 417 1017 494 imaginatione.
1065 416 1096 475 Si

82 505 162 563 enim
185 504 270 563 fieret
293 504 324 562 in
344 505 513 580 corporibus
532 505 709 565 habentibus
728 506 893 582 materiam,
917 506 1096 582 superfluum

82 597 173 669 esset,
206 594 241 650 ut
268 596 410 668 queretur
441 594 640 670 premittenti,
672 595 751 670 quod
777 595 934 670 protrahat
966 591 1097 672 <lineam

80 677 217 759 rectam>
240 681 277 740 ab
301 681 402 740 Ariete
426 683 464 740 ad
487 683 615 741 Libram.

172 771 257 829 Dixit
291 771 464 830 Eoonmns:
506 773 545 832 Ut
574 773 767 846 protrabatur
803 774 880 832 lineo
915 778 1006 843 rectu,
1043 792 1097 848 quc

82 864 278 934 contumactae·
301 862 354 919 olii
376 862 449 919 tinec
471 866 545 920 recte
562 864 643 933 finite
665 863 823 920 secundom
844 855 1081 940 rectitudinem²>

175 948 272 1025 Supra
298 949 354 1008 hoc
382 948 626 1009 Sauannicfflns:
666 949 829 1009 Coniuncta
857 954 938 1027 sunt,
971 970 1098 1027 quorum

82 1039 157 1098 fines
180 1038 248 1097 finis
272 1040 342 1097 sunt
363 1038 455 1113 idem3
483 1038 623 1115 possibile
648 1042 693 1098 est
716 1057 799 1116 ergo,
822 1042 857 1097 ut
878 1040 958 1098 linea
980 1043 1096 1116 protra-

81 1128 174 1186 hatur
197 1126 234 1185 ab
259 1127 445 1185 extremitate
469 1128 592 1187 alterius
613 1128 689 1186 linee
709 1128 871 1187 secundum
888 1129 1097 1188 rectitudinem
1112 1143 1137 1181 1⁰

83 1217 137 1291 ita,
162 1216 241 1292 quod
264 1216 340 1274 situs
364 1216 511 1292 continue,
535 1221 565 1276 et
588 1217 627 1276 sit
649 1236 711 1274 una
733 1220 814 1276 recta
837 1217 929 1291 linea,
953 1221 983 1277 et
1006 1219 1098 1277 etiam

82 1305 225 1382 possibile
249 1307 303 1379 est,
325 1307 360 1362 ut
383 1305 423 1364 sit
444 1305 525 1364 linea
547 1308 699 1381 protracta
723 1307 861 1364 continue
885 1307 938 1364 alii
958 1307 1044 1383 linee,
1068 1311 1098 1366 et

82 1398 185 1454 tamen
209 1412 268 1452 non
290 1393 325 1452 fit
348 1393 532 1453 continuatio
557 1395 718 1454 secundum
740 1395 962 1470 rectitudinem,
990 1399 1020 1455 et
1041 1397 1097 1455 hoc

83 1487 143 1558 est,
167 1501 235 1541 cum
259 1484 510 1558 comprehendunt
533 1485 689 1561 angulum,
713 1487 743 1542 et
766 1486 812 1543 est
835 1485 925 1542 etiam
948 1485 1096 1560 possibile,

83 1576 121 1631 ut
143 1573 200 1630 due
223 1571 300 1629 linee
324 1572 384 1630 sint
407 1573 568 1631 secundum
590 1572 808 1648 rectitudinem,
831 1576 861 1632 et
879 1592 938 1631 non
957 1573 1018 1633 sint
1035 1587 1137 1632 una15

83 1662 174 1734 linea,
193 1661 272 1736 quod
291 1661 446 1737 contingit,
466 1680 533 1719 oum
551 1681 611 1720 non
630 1662 856 1739 coniungantur.
894 1661 978 1730 Quod
997 1665 1098 1720 autem

82 1751 117 1808 in
144 1749 322 1809 diffinitione
342 1749 516 1825 apponitur,
543 1754 578 1810 ut
600 1751 640 1809 sit
662 1751 742 1809 linea
763 1751 862 1826 finita,
888 1751 962 1809 bene
986 1751 1098 1809 dictum

84 1842 139 1912 est,
159 1837 308 1914 quoniam,
327 1839 352 1896 si
371 1842 448 1897 esset
465 1839 592 1913 infinita,
610 1859 669 1898 non
683 1843 783 1915 posset
796 1841 938 1916 protrahi.
975 1839 1098 1898 Lineam

84 1931 187 1986 autem
204 1927 320 1986 finitam
338 1927 479 2003 possibile
499 1931 544 1986 est
560 1929 592 1986 in
610 1928 761 1987 infinitum
780 1929 923 2005 protrahi,
942 1929 967 1988 si
981 1947 1098 1988 necesse

83 2017 188 2092 fuerit,
217 2017 297 2092 quod
324 2016 390 2075 ideo
418 2016 465 2090 fit,
493 2037 530 2075 ne
557 2018 705 2076 linearum
731 2018 862 2077 brevitas
888 2018 920 2076 in
946 2017 1096 2094 aliquibus
1112 2031 1138 2070 20

82 2106 187 2183 figuris
210 2124 264 2164 nos
286 2105 438 2180 impediat.

175 2192 260 2263 Quod
290 2213 360 2253 vero
393 2194 473 2252 linea
504 2197 599 2270 recta,
631 2215 689 2270 que
721 2195 775 2252 alii
805 2195 882 2253 linee
909 2199 987 2254 recte
1015 2195 1097 2254 finite

84 2284 244 2343 coniuncta
273 2283 434 2341 secundum
457 2284 668 2342 rectitudinem
690 2284 889 2360 protrahitur,
916 2284 951 2342 fit
974 2303 1040 2342 cum
1064 2303 1098 2342 ea

82 2373 164 2431 linea
187 2390 256 2447 una,
279 2373 355 2430 hanc
378 2372 584 2448 probationem
606 2373 731 2448 probare
752 2391 916 2448 possumus,
940 2392 975 2432 ea
997 2376 1097 2431 tamen

84 2461 267 2534 conditione,
290 2464 324 2519 ut
346 2480 406 2518 una
430 2481 464 2519 ex
487 2461 695 2536 petitionibus,
719 2481 777 2536 que
800 2464 973 2537 sequuntur,
997 2481 1097 2520 conce·
1112 2475 1137 2515 25

84 2551 175 2608 datur
197 2549 290 2624 nobis,
314 2549 427 2608 scilicet
447 2553 482 2608 ut
502 2569 593 2625 supra
613 2550 765 2626 quodlibet
784 2553 918 2610 centrum
936 2551 1098 2610 secundum

83 2638 321 2716 magnitudinem
344 2639 501 2698 cuiuslibet
524 2640 614 2715 spatii
637 2639 821 2698 describatur
843 2639 977 2699 circulus.
1023 2640 1097 2698 Dico

83 2729 191 2804 igitur,
219 2728 311 2803 quod,
339 2727 369 2785 si
391 2746 518 2803 ponam
541 2729 673 2786 lineam
696 2731 830 2786 rectam
852 2728 1010 2804 finitam,
1039 2748 1097 2803 que

85 2817 126 2876 sit
153 2818 204 2880 ob,
237 2817 307 2875 erit
334 2817 444 2891 linea,
473 2837 539 2892 que
568 2818 759 2876 secundum
786 2817 889 2875 illius
917 2817 1097 2876 continui·

84 2908 198 2964 tatem
220 2908 255 2963 et
272 2905 529 2964 rectitudinem
546 2907 796 2981 protrahatur,
818 2925 887 2964 una
906 2906 1003 2965 linea
1023 2920 1138 2964 cumae

85 3013 133 3052 ea.
184 2993 326 3052 Probatio
359 2994 429 3052 eius
481 2994 641 3070 Quoniam,
673 2996 698 3054 si
726 3014 785 3053 non
811 2995 903 3053 fuerit
930 3014 991 3053 una
1018 2995 1097 3054 linea

158 3170 181 3218 3.
202 3163 381 3234 superfluum]
397 3180 479 3232 super
493 3163 589 3219 filium.
609 3197 643 3204 -
663 3171 687 3218 4.
708 3166 850 3237 queretur]
865 3181 918 3233 que
933 3168 1047 3219 retetnr.
1062 3197 1097 3204 -

85 3243 110 3289 9.
130 3234 194 3288 finis
213 3234 284 3289 finis.
304 3267 339 3275 —
359 3241 470 3289 ‘at—26.
491 3236 654 3290 concedant.

159 3398 184 3465 1)
198 3394 276 3449 Haec
288 3395 491 3450 demonstratio
501 3395 584 3464 longe
595 3395 653 3449 elia
665 3398 709 3450 est
719 3412 802 3464 quam
813 3413 847 3450 ea
857 3395 932 3465 apud
943 3397 1096 3449 Busrnonx-

84 3467 211 3520 Humano
229 3485 255 3536 p.
272 3472 313 3521 17.
342 3499 377 3507 -
404 3472 432 3537 2)
456 3466 654 3536 Interpretatio
678 3467 819 3521 Gunumnr
842 3485 899 3520 non
923 3470 965 3521 est
988 3467 1096 3535 vitupe-

84 3537 176 3593 randa
193 3539 226 3591 ut
244 3540 345 3608 textus,
365 3555 448 3606 quem
466 3539 590 3592 Humano
608 3557 635 3608 p.
653 3544 684 3593 17
706 3537 794 3594 dedit.
