2408 3848
409 152 459 206 AD
478 144 665 207 EUOLIDEM
682 144 749 208 LIB.
764 153 784 209 I.
1058 154 1102 218 45

87 321 183 380 etiam
205 321 350 397 punctum
373 324 390 381 b
414 325 557 397 centrum,
580 341 671 398 supra
696 323 865 398 quodcum
888 323 999 398 spatio,
1024 324 1103 398 quod

23 420 64 469 15
87 413 136 470 est
155 405 160 490 l
181 410 290 469 interd
305 414 335 469 et
349 429 382 487 a,
404 411 568 470 describam
586 412 729 470 circulum
744 429 813 486 ape.
844 411 959 470 Deinde
978 412 1102 488 signabo

84 501 118 558 in
151 517 224 558 arcu
248 517 290 574 96
316 501 473 576 punctum,
507 502 720 576 qualecumque
752 499 919 578 contingat,
953 500 1032 576 quod
1064 501 1104 559 sit

51 632 54 636 -
84 591 233 665 punctum
254 606 280 664 c,
303 592 334 648 et
356 589 534 667 coniungam
552 609 572 649 a
590 609 658 649 cum
677 608 701 649 a
746 590 894 648 Punctum
918 609 1035 666 quoque
1059 609 1102 649 se-

86 677 220 736 cundum
247 678 370 755 signabo
399 679 431 736 in
457 679 549 753 linea,
582 698 640 755 que
672 680 718 737 est
749 681 828 738 inter
858 683 1003 754 punctum
1029 696 1045 738 a
1072 682 1103 737 et
1129 691 1142 730 5

87 767 346 826 circonferentiam
370 768 473 826 circuli
496 770 568 843 bod,
592 768 672 844 quod
694 769 734 828 sit
756 771 901 844 punctum
927 769 957 843 b,
982 769 1012 825 et
1035 787 1102 826 oon-

85 856 215 933 iungam
237 857 254 914 b
277 859 397 933 cumb,
425 859 456 915 et
482 857 655 933 protraham
682 858 779 934 ipsam
805 857 916 915 lineam
944 856 1104 915 secundum

84 944 297 1003 rectitudinem
319 965 413 1022 usque
436 945 474 1004 ad
497 950 643 1022 punctum
670 951 689 1005 t.
740 947 932 1004 Manifestum
955 948 1000 1004 est
1024 965 1102 1022 erge,

85 1033 171 1109 quod
192 1034 273 1093 linea
286 1036 328 1094 ab
344 1037 388 1094 est
410 1035 528 1113 longior
549 1036 628 1094 linea
642 1037 697 1112 ab,
721 1038 751 1093 et
773 1036 853 1094 linea
867 1037 908 1094 ab
923 1037 968 1093 est
985 1035 1103 1112 longior

86 1123 171 1180 linea
193 1124 247 1200 bb3
271 1126 301 1183 et
323 1123 400 1183 illud
422 1127 476 1200 est,
499 1125 581 1201 quod
603 1125 804 1184 demonstrare
826 1124 982 1183 voluimus.
1116 1137 1143 1177 ro

181 1210 363 1274 Secundus
392 1206 563 1291 modus¹)‚
601 1232 659 1288 quo
692 1213 870 1287 ostenditur,
908 1213 989 1288 quod
1023 1213 1103 1271 linea

83 1300 163 1359 data
185 1301 226 1361 sit
247 1302 366 1362 brevior
389 1321 575 1380 quacumque
594 1303 722 1360 duarum
744 1301 898 1376 linearum,
921 1302 954 1358 in
976 1302 1031 1360 hoc
1054 1302 1102 1360 de·

83 2987 224 3048 claratur
254 2987 396 3063 exemplo
452 2987 497 3045 Sit
528 2988 608 3047 linea
635 2987 706 3045 data
734 2989 788 3063 ab,
821 3008 912 3065 quam
944 2989 1105 3048 secundum

81 3074 302 3136 rectitudinem
309 3077 340 3134 iu
353 3076 427 3135 duas
434 3077 607 3152 protraham
614 3080 723 3152 partes,
734 3076 826 3136 donec
836 3080 877 3137 bd
887 3079 926 3137 sit
936 3080 1051 3154 equalis
1062 3080 1103 3138 ab

82 3169 123 3224 et
151 3163 289 3224 similiter
316 3184 357 3240 up
384 3167 498 3241 equalis
527 3168 580 3242 ub,
613 3166 773 3225 secundum
806 3167 885 3243 quod
916 3169 1040 3228 fecimus
1072 3169 1104 3226 in
1118 3179 1143 3220 15

167 3357 191 3408 1.
210 3352 362 3420 quodcum
377 3351 481 3425 spatio]
496 3353 572 3421 quod
586 3353 716 3422 spatium.
732 3387 765 3395 -
783 3360 825 3410 12.
845 3371 963 3423 quarum
977 3355 1102 3409 duarum.

167 3531 193 3600 1)
211 3529 292 3584 Hunc
311 3547 406 3585 casum
426 3530 513 3586 etiam
531 3531 607 3601 apud
626 3530 774 3586 Ominum
790 3531 925 3603 legimus.
