2408 3848
108 184 175 249 296
398 183 563 238 ANARITH
582 182 838 238 COMMENTARII

109 353 151 412 sit
173 354 200 410 2.
239 351 369 430 Signabo
393 356 494 411 autem
517 372 619 427 unum,
643 371 713 430 ergo
729 372 749 427 9
767 355 906 410 numerat
924 371 944 412 a
963 353 1137 412 secundum

109 460 268 499 numerum
295 442 449 500 unitatum
479 443 509 515 ol,
538 460 632 499 unum
658 461 729 500 vcro
757 443 895 500 numerat
918 443 938 500 d
960 443 1135 501 secundum

110 549 281 604 numerum,
306 550 365 605 quo
387 549 407 604 9
428 533 567 588 numerat
587 549 621 605 a,
650 549 719 608 ergo
742 549 813 606 pars
833 549 853 604 9
876 550 912 588 er
935 549 954 590 o
979 534 1028 590 est
1050 551 1135 608 para,

113 639 170 694 que
199 621 244 677 est
269 621 285 675 1
312 639 347 676 ex
369 620 396 677 d.
446 619 526 696 Ergo
554 619 707 694 proportio
732 638 753 693 9
780 619 818 677 ad
845 637 865 678 a
888 622 933 677 est
955 620 1039 679 siout
1062 640 1133 697 pro·

83 707 211 783 aportio
237 707 328 765 unius
357 707 395 765 ad
422 709 454 780 d,
482 710 512 764 et
540 728 555 766 e
582 708 730 767 contrario
757 708 911 784 proportio
935 727 955 767 a
978 709 1020 767 ad
1039 728 1063 783 9
1088 713 1134 768 est

113 797 191 855 siout
213 796 366 872 proportio
390 797 410 856 d
432 795 471 854 ad
496 799 523 854 1.
569 797 610 854 Et
632 797 769 854 similitor
790 797 1022 873 monstrabitur,
1048 799 1133 874 quod

111 885 267 960 proportio
297 904 317 959 9
344 885 383 942 ad
410 887 426 944 b
455 888 500 943 est
527 885 603 943 sicut
629 886 782 961 proportio
810 886 900 944 unius
928 886 966 944 ad
996 905 1023 945 e:
1059 907 1132 965 ergo

112 973 267 1049 proportio
295 993 315 1032 a
338 975 376 1032 ad
399 976 415 1033 b
439 976 485 1032 est
507 975 585 1032 sicut
607 975 760 1050 proportio
783 977 803 1034 d
826 974 864 1032 ad
887 993 908 1033 e.
955 974 1017 1034 Sed
1040 977 1062 1034 d
1088 980 1134 1035 est

112 1057 166 1139 (3,
189 1066 220 1120 et
243 1058 277 1141 e>
300 1066 346 1121 est
369 1066 387 1121 2
412 1081 561 1138 numerus,
585 1083 655 1140 ergo
678 1064 831 1139 proportio
853 1063 929 1122 aad
948 1065 964 1122 b
984 1067 1033 1122 est
1051 1065 1134 1124 sicut

71 1166 101 1204 ro
113 1153 269 1227 proportio
291 1153 408 1210 numeri
431 1153 469 1210 ad
491 1170 655 1210 numerum.
694 1152 779 1211 Unde
803 1155 833 1210 ct
855 1152 910 1211 hoc
932 1153 1134 1213 manifestum

114 1243 173 1314 est,
202 1241 280 1315 quod
308 1242 440 1302 omnium
467 1241 595 1300 duorum
618 1241 821 1316 quantitatum
844 1243 1133 1301 communicantium

112 1349 174 1388 una
207 1333 252 1388 est
281 1333 352 1388 nota
379 1330 501 1388 alterius
528 1348 675 1388 mensura.
726 1329 801 1389 (lum
833 1348 902 1407 ergo
929 1331 1027 1390 fuerit
1054 1351 1134 1390 unus

114 1418 241 1478 duorum
267 1438 456 1479 numerorum
482 1419 651 1494 rationalis,
680 1420 716 1477 et
737 1419 956 1478 communicans
985 1421 1016 1477 ei
1039 1421 1136 1478 fuerit

114 1511 187 1567 nota
210 1509 373 1583 quantitas,
396 1512 467 1567 tunc
490 1507 643 1583 quantitas
667 1508 694 1566 ei
717 1508 936 1566 communicans
961 1508 1021 1566 erit
1039 1511 1134 1570 ratio·

74 1610 101 1650 15
114 1597 205 1670 nalis3
234 1600 265 1655 et
290 1597 367 1655 linea
396 1596 646 1656 communicantes
673 1596 751 1654 lineo
777 1596 919 1655 rationali
942 1600 1016 1655 sunt
1039 1600 1135 1658 ratio-

114 1687 210 1757 nales3
244 1688 274 1743 et
305 1686 474 1760 superficies
507 1686 754 1744 communicantes
787 1685 953 1760 superficiei
984 1687 1135 1746 rationali

115 1778 188 1833 sunt
209 1773 378 1832 rationales.
424 1773 515 1831 Lince
538 1791 607 1831 vero
630 1773 913 1833 incommunicantes
935 1774 1016 1832 lineo
1040 1779 1136 1836 ratio-

115 1863 178 1920 nali
202 1864 273 1918 sunt
296 1861 396 1934 surde3
421 1865 451 1919 et
471 1861 640 1936 superficies
657 1863 941 1922 incommunicantes
960 1866 1137 1939 superficie-

116 1950 171 2008 bus
194 1948 392 2008 rationalibus
415 1953 485 2008 sunt
503 1950 598 2026 surde,
618 1951 766 2027 quoniam,
791 1953 816 2010 si
834 1953 914 2017 linea
931 1952 1138 2014 incommuni-

76 2053 104 2091 20
117 2056 188 2097 cans
206 2038 283 2095 lineo
302 2038 443 2098 rationali
462 2042 539 2097 esset
555 2039 719 2116 rationalis,
739 2041 970 2100 communicaret
987 2044 1140 2103 rationali

116 2127 207 2201 linee3
237 2129 267 2184 et
293 2127 431 2186 similiter
458 2128 582 2187 dicimus
610 2129 645 2186 de
672 2129 895 2205 superficiebus;
923 2132 953 2187 et
976 2131 1059 2191 illud
1084 2137 1143 2209 est,

117 2216 199 2292 quod
222 2216 424 2274 demonstrare
447 2218 605 2277 voluimus.

262 2369 429 2438 quadratam
447 2386 465 2421 a
719 2391 732 2428 4

171 2439 174 2475 l
548 2440 551 2476 l
614 2442 854 2478 1--—--·la

332 2529 499 2596 quadratam
517 2531 532 2583 b

156 3003 158 3007 ⁷
208 3015 343 3091 Figura
376 3015 520 3090 septimi
548 3010 876 3099 <theorematis>¹),
908 3037 965 3094 que
998 3026 1144 3085 numeris

116 3106 257 3178 notatur,
280 3107 379 3162 cetera
401 3124 460 3163 non
483 3108 639 3164 mutantur

193 3275 219 3343 1)
237 3271 373 3325 Eucnrnns
392 3272 425 3340 X,
446 3280 461 3327 7
480 3273 632 3330 (Claranus
650 3274 737 3344 idem,
759 3275 926 3330 Haranaoms
944 3276 977 3345 X,
998 3280 1038 3347 9):
1074 3282 1142 3337 Orn-

118 3347 200 3399 πέπονι
226 3345 345 3398 duarum
371 3346 573 3413 superficierum
600 3347 810 3415 quadraturam,
842 3363 959 3416 quoram
986 3349 1079 3407 latera
1107 3357 1143 3409 in

121 3416 292 3486 confiteatur
313 3419 524 3482 commaticam,
546 3424 585 3471 est
603 3419 745 3486 proportio
767 3419 852 3472 emtus
874 3421 912 3474 ad
933 3421 1049 3474 alteram
1073 3431 1141 3480 tan-

120 3504 203 3555 quam
221 3488 329 3540 numeri
347 3487 478 3554 quadrati
495 3489 533 3541 ad
549 3505 691 3543 numeram
709 3490 882 3557 quadratam.
919 3491 951 3545 Si
968 3508 1030 3547 cero
1047 3495 1143 3560 fucrit

113 3558 260 3626 proportio
275 3559 428 3627 superficiei
440 3559 573 3629 quadrato
591 3560 629 3612 ad
642 3561 809 3629 superficiem
822 3562 986 3629 quadratam
998 3570 1140 3635 tanquam
