2408 3848
398 161 450 214 AD
467 159 652 214 EUOLIDEM
670 161 737 214 LIB.
753 161 785 215 X.
1025 159 1090 222 283

78 329 175 387 maius
203 328 362 387 medietate
390 329 648 405 multiplicationis
676 331 717 388 ab
740 329 771 386 in
795 347 833 387 se.
880 328 1091 404 Multiplicatio

79 413 223 495 <autem>
244 418 335 476 abin
352 419 393 491 pb
411 417 457 476 bis
476 421 521 477 est
539 419 636 477 minor
654 417 813 477 medietate
832 417 1091 492 multiplicationis

71 509 123 565 ‘ob
146 506 240 580 inse,
264 498 406 581 quoniam
429 507 642 582 multiplicatio
667 509 707 566 ab
730 508 762 564 in
781 526 811 565 se
831 509 876 565 est
894 506 971 564 sicut
989 506 1091 564 multi·

81 595 204 669 plicatio
228 615 270 669 cp
292 596 325 653 in
348 614 377 654 se
402 599 432 654 et
452 597 493 669 pb
516 596 548 653 in
572 615 602 654 se
626 598 657 654 ct
679 615 721 669 ap
743 596 775 653 in
795 597 840 670 pb>
860 595 913 671 bis,
938 598 967 653 et
990 594 1091 653 multi-

80 684 203 759 plicatio
228 686 269 743 ob
292 685 324 742 in
348 686 387 758 by
410 688 456 743 est
478 684 576 742 minor
598 685 843 760 multiplicationi
861 684 1030 743 medietatis
1049 685 1091 742 ob
1118 697 1131 737 ε

623 774 655 830 in
683 792 713 832 se
743 774 852 848 ipsam,
884 776 914 832 et
945 773 1091 848 multipli-

76 837 145 943 ll’-
379 853 397 943 {l
570 854 588 928 ‘l
624 862 702 921 catio
734 862 902 921 medietatis
930 864 971 921 ab
1002 863 1034 920 in
1060 881 1090 920 εθ
1164 866 1166 869 ’

624 954 669 1009 est
704 953 812 1026 quarta
853 951 992 1026 quadrati
1034 951 1090 1009 ub:

78 1059 148 1117 ergo
183 1039 394 1114 multiplicatio
428 1058 470 1113 op
501 1039 533 1096 in
562 1041 604 1114 pb
640 1038 687 1098 bis
718 1042 763 1098 est
798 1040 896 1098 minor
931 1040 1090 1097 medietate

77 1128 337 1204 multiplicationis
374 1130 415 1187 ob
451 1128 484 1186 in
520 1147 558 1187 se.
619 1128 810 1204 Relinquitur
842 1148 924 1206 ergo,
964 1131 998 1186 ut
1029 1128 1130 1186 duom

78 1217 225 1292 quadrata
245 1236 287 1291 ap
311 1220 341 1275 et
361 1219 403 1291 pb
426 1216 584 1276 coniuncta
607 1217 667 1275 sint
689 1217 784 1275 maius
807 1217 966 1275 medietate
989 1217 1090 1274 multi-

77 1306 248 1381 plicationis
277 1307 318 1364 ab
345 1306 377 1363 in
405 1324 435 1364 se
464 1305 572 1381 ipsam:
605 1325 675 1383 ergo
703 1306 828 1380 duplum
855 1305 1022 1381 superficiei
1049 1324 1091 1378 up

78 1396 109 1452 in
130 1397 172 1468 pb
201 1397 246 1453 cst
272 1393 369 1452 minus
397 1394 556 1452 medietate
586 1394 725 1470 quadrati
753 1396 802 1453 ab.
849 1393 907 1451 Sed
934 1394 993 1451 duo
1017 1413 1091 1469 qua·

75 1485 163 1542 drata
186 1502 228 1557 cp
251 1485 282 1541 et
302 1485 343 1556 pb
369 1483 527 1541 coniuncta
550 1485 621 1541 sunt
644 1484 740 1540 maius
764 1481 922 1549 medietato
950 1481 1091 1556 quadrati

75 1575 131 1645 ob3
155 1568 268 1650 <ergo>
291 1572 350 1630 duo
370 1573 519 1648 quadrata
537 1591 579 1646 ap
602 1575 633 1631 et
648 1573 689 1645 pb
717 1571 876 1630 coniuncta
899 1572 970 1628 sunt
992 1571 1089 1628 maius
1106 1582 1131 1623 ιε

76 1661 168 1737 duplo
192 1661 357 1737 superficiei
381 1679 423 1735 up
445 1660 477 1718 in
498 1663 552 1736 pb,
581 1661 661 1736 quod
684 1661 760 1718 illud
783 1662 839 1735 est,
869 1659 949 1735 quod
972 1659 1089 1716 demon-

76 1753 173 1809 strare
196 1751 352 1809 voluimus.

165 1839 237 1897 Hoc
261 1859 400 1914 quoquc
423 1839 546 1915 figura
565 1838 677 1896 aliter
694 1837 890 1895 invenitur.
933 1835 1017 1906 Quod
1036 1839 1088 1912 est,
1143 1863 1146 1869 ·

76 1931 111 1984 ut
138 1945 248 2002 ponam
275 1927 385 1984 lineam
413 1929 466 2001 ab,
495 1927 579 1985 ouius
607 1926 724 2004 longior
751 1926 841 1985 sectio
870 1926 909 1984 sit
931 1927 1011 1984 linea
1034 1945 1088 2000 oy:

79 2015 144 2072 dico
168 2015 273 2090 igitur,
302 2016 381 2089 quod
404 2015 463 2073 duo
487 2015 634 2090 quadrata
658 2034 700 2088 ap
723 2017 754 2073 et
773 2017 815 2088 pb
839 2016 995 2074 coniuncta
1019 2018 1089 2073 sunt
1103 2027 1130 2066 20

670 2103 767 2162 maius
802 2104 891 2179 duplo
924 2104 1090 2180 superficiei

75 2166 93 2218 b
209 2182 227 2234 9
342 2166 361 2218 d
608 2185 627 2273 ‘ff
671 2211 713 2266 up
751 2193 783 2249 in
820 2195 879 2267 pb,
927 2193 1006 2268 quod
1047 2193 1089 2250 sio

669 2281 820 2357 probatur.
848 2281 988 2339 Dividam
1006 2300 1089 2338 nam-

75 2389 134 2444 que
162 2388 198 2426 ex
225 2388 279 2443 oq,
307 2368 387 2444 quod
416 2368 455 2428 sit
483 2370 587 2444 equale
613 2372 668 2445 pb,
697 2369 795 2444 sitque
821 2371 877 2442 ud:
911 2389 980 2447 ergo
1008 2370 1087 2428 linea

77 2477 119 2532 cp
156 2457 215 2516 iam
252 2461 297 2516 est
333 2458 429 2518 divisa
464 2457 496 2515 in
533 2458 607 2517 duas
644 2458 787 2517 sectiones
824 2476 913 2532 supra
945 2460 979 2532 d,
1016 2477 1086 2536 ergo
1101 2467 1128 2509 25

75 2547 286 2622 multiplicatio
319 2566 361 2622 oq
392 2548 424 2605 in
456 2567 486 2606 εθ
519 2551 549 2605 et
581 2549 623 2621 dp
649 2547 681 2604 in
709 2566 739 2605 εθ
767 2549 812 2604 est
840 2546 916 2604 sicut
943 2547 1085 2623 multipli-

74 2636 153 2694 catio
182 2654 224 2710 αφ
250 2636 282 2693 in
306 2638 351 2710 pd
381 2637 427 2696 bis
460 2640 490 2694 et
516 2635 728 2711 multiplicatio
758 2637 802 2693 ud
823 2626 864 2692 'iu
892 2653 931 2693 εθ.
985 2635 1085 2694 Multi·

73 2725 197 2799 plicatio
234 2743 304 2782 vcro
341 2726 361 2783 d
365 2744 385 2798 p
424 2725 456 2783 iu
493 2745 524 2783 se
560 2727 605 2783 est
642 2723 755 2799 equalis
793 2720 1087 2801 <multiplicationi>

70 2815 113 2887 pb
145 2813 177 2871 in
209 2833 252 2888 sc,
290 2813 432 2887 quoniam
466 2816 512 2871 est
545 2814 572 2871 ei
607 2813 734 2888 equalis:
771 2831 841 2889 ergo
875 2812 1086 2888 multiplicatio

73 2921 117 2975 ap
148 2903 180 2959 in
212 2921 242 2961 se
275 2903 305 2960 et
334 2903 375 2974 ab
411 2902 443 2959 in
475 2921 508 2960 se
544 2904 589 2960 est
625 2901 701 2960 siout
732 2901 944 2976 multiplicatio
976 2920 1018 2975 op
1054 2902 1086 2958 in
1100 2914 1127 2951 ³⁰

70 2992 119 3064 od
153 2991 198 3050 bis
231 2993 261 3049 et
292 2990 504 3065 multiplicatio
537 2992 584 3049 ud
619 2990 651 3047 in
687 3009 729 3048 εθ.
782 2989 840 3048 Sed
875 2990 1086 3066 multiplicatio

74 3098 116 3152 up
149 3080 180 3137 in
210 3081 257 3152 pd
292 3078 337 3138 bis
370 3081 415 3137 est
449 3077 526 3138 sicut
562 3078 775 3153 multiplicatio
807 3097 853 3152 up
886 3079 919 3137 in
939 3081 991 3160 pb
1028 3079 1087 3137 bis:

74 3187 144 3243 crgo
181 3167 393 3244 multiplicatio
431 3186 476 3242 up
510 3167 543 3224 in
580 3187 610 3226 se
647 3170 677 3224 et
710 3167 754 3239 pb
790 3168 822 3224 in
859 3187 889 3226 se
926 3171 972 3227 est
1009 3167 1087 3225 siout

73 3256 284 3331 multiplicatio
314 3276 356 3331 oy
382 3258 414 3314 in
437 3259 479 3330 pb
506 3256 551 3315 bis
575 3251 647 3333 <et>
674 3255 886 3332 multiplicatio
915 3259 961 3315 od
987 3256 1019 3313 iu
1046 3275 1085 3314 so.

73 3344 153 3419 Ergo
191 3345 248 3403 duo
285 3346 433 3421 quadrata
465 3365 509 3420 ap
546 3347 576 3403 et
609 3347 652 3419 pb
690 3345 846 3404 coniuncta
882 3348 951 3405 sunt
988 3345 1085 3404 maius
1100 3356 1126 3397 8⁵

74 3432 164 3507 duplo
189 3434 353 3509 superficiei
372 3453 414 3508 oo
435 3435 468 3492 in
483 3437 537 3509 plu
562 3436 598 3493 et
610 3434 685 3492 illud
704 3437 756 3509 est,
780 3436 861 3510 quod
884 3436 1088 3494 demonstrare-

72 3521 230 3582 voluimus.
562 3520 564 3522 ’
679 3541 680 3546 ’
