2408 3848
110 154 176 218 240
396 152 563 206 ΑΝΑΒΙΤΠ
580 150 837 207 COMMENTARII

110 324 144 381 tle
170 342 238 382 cum
266 323 425 399 augmento
454 321 594 396 quadrati
620 321 697 378 linee
726 321 857 379 seiuncte
884 320 954 393 sibi,
984 323 1015 378 et
1042 319 1129 378 linea

109 413 145 469 bt
165 411 283 487 longior
311 410 508 470 communicat
530 410 607 468 lineo
630 410 772 469 rationali
791 410 874 468 date:
894 428 963 485 ergo
982 409 1064 466 linea
1083 411 1130 467 ble

110 502 156 558 est
183 499 347 559 binomium
377 502 530 575 quartnm3
565 501 596 557 et
629 499 705 557 illud
735 502 780 558 est
809 498 889 574 quod
918 499 1128 557 demonstrare

109 587 266 649 voluimus.

82 691 97 731 5
199 676 332 754 Figura
355 676 398 734 ad
420 676 674 736 inveniendum
696 676 892 735 binomium
913 670 1128 757 quintum.¹)

111 764 317 840 Ostendam,
354 766 515 841 qualiter
550 766 746 825 binomium
783 766 948 842 quintum
984 765 1034 824 sit
1069 766 1128 823 in-

110 855 330 915 veniendum.

200 943 246 1002 Sit
272 943 376 1019 itaque
403 943 484 1002 linea
511 944 544 1002 tle
570 944 647 1002 lineo
675 943 817 1003 rationali
839 944 936 1019 posite
960 943 1128 1001 communi-

112 1051 194 1108 cans,
222 1028 294 1110 (et)
316 1051 439 1108 ponam,
466 1035 501 1090 ut
523 1034 564 1092 ab
593 1032 633 1092 sit
659 1052 800 1091 numerus
829 1032 1007 1108 quadratus,
1036 1035 1067 1089 et
1091 1036 1129 1090 ut

71 1136 98 1175 ro
111 1122 213 1180 nullus
245 1121 371 1180 duorum
402 1141 593 1180 numerorum
620 1141 662 1194 ep
689 1122 719 1179 et
743 1123 785 1195 pb
813 1122 853 1180 sit
881 1121 1059 1196 quadratae,
1096 1125 1130 1179 et

226 1275 243 1382 l
504 1280 516 1381 e
984 1273 1002 1377 r

227 1455 492 1561 bacaquudratusp
580 1469 637 1507 acu
655 1455 808 1522 quadratus
897 1469 915 1504 a

235 1525 238 1560 ι
908 1522 910 1557 ι

496 1617 648 1684 quadratus

366 2147 883 2288 „

112 2417 231 2476 ponam,
249 2400 283 2456 ut
301 2399 340 2456 sit
358 2397 511 2473 proportio
531 2397 671 2472 quadrati
686 2398 719 2455 tle
737 2398 776 2455 ad
794 2399 974 2474 quadratum
993 2401 1026 2457 tb
1045 2402 1127 2462 sicut

111 2487 264 2565 proportio
287 2486 403 2546 numeri
421 2505 463 2560 ay
481 2486 519 2544 ad
537 2506 692 2544 numerum
710 2488 764 2560 ab,
788 2506 858 2565 ergo
876 2489 1029 2565 proportio
1049 2510 1127 2565 qua·

113 2577 192 2636 drati
214 2578 247 2634 tle
269 2576 307 2634 ad
331 2575 510 2651 quadratum
533 2577 566 2633 tle
588 2595 648 2635 non
671 2579 716 2634 est
739 2577 817 2635 sicut
834 2578 988 2653 proportio
1006 2581 1127 2638 numeri

112 2665 254 2743 quadrati
285 2666 323 2724 ad
349 2683 506 2723 numerum
532 2659 769 2743 <quadratum>:
797 2685 867 2743 ergo
898 2669 934 2725 bt
960 2669 1005 2725 est
1034 2665 1125 2744 <in>-

72 2777 99 2818 15
113 2754 331 2815 communicans
363 2755 396 2812 tle
426 2753 458 2810 in
489 2753 676 2830 longitudine
709 2757 740 2812 et
770 2755 800 2813 tc
829 2758 874 2814 est
902 2757 1058 2815 rationalis
1092 2759 1125 2816 in

112 2843 307 2921 longitudine.
352 2843 468 2901 Ponam
495 2845 595 2900 autem
622 2844 662 2902 de
684 2843 820 2919 equalem
842 2845 889 2918 bt,
917 2864 1007 2921 supra
1031 2866 1125 2921 quam

113 2932 277 2991 describam
299 2931 517 2991 semicirculum
539 2933 612 3006 dee,
635 2934 665 2991 et
687 2933 861 3007 protraham
878 2933 910 2992 in
928 2935 993 3010 ipso
1011 2935 1125 2994 lineam

113 3022 250 3098 equalem
277 3023 323 3096 tle,
350 3039 407 3097 que
430 3020 470 3079 sit
492 3022 545 3095 ele,
569 3023 599 3079 et
620 3020 783 3097 producam
804 3039 852 3081 ee:
876 3042 946 3100 ergo
969 3026 1125 3100 proportio

112 3110 254 3187 quadrati
276 3112 315 3169 de
338 3110 376 3168 ad
399 3109 579 3186 quadratum
601 3112 641 3169 de
664 3113 709 3169 est
731 3110 807 3169 sicut
821 3113 983 3188 ⁴proportio
1005 3115 1126 3173 numeri

72 3221 99 3261 ao
113 3201 155 3258 ab
182 3199 220 3272 ad
247 3218 403 3258 numerum
430 3217 479 3272 ay.
526 3198 600 3257 Cum
628 3218 697 3276 ergo
721 3198 907 3259 diviserimus
931 3204 961 3260 et
984 3204 1126 3261 everteri-

112 3306 179 3348 mus
211 3290 242 3346 et
273 3288 536 3364 composuerimus,
569 3288 627 3346 erit
657 3289 810 3364 proportio
843 3289 982 3364 quadrati
1014 3292 1054 3349 de
1085 3293 1126 3350 ad

18 3522 20 3529 Ι
186 3460 212 3529 1)
239 3456 375 3512 Eudamus
398 3458 436 3528 X,
454 3463 489 3512 49
517 3457 671 3527 (Caucasus
689 3457 726 3526 X,
746 3463 793 3527 463
821 3459 988 3514 Hnmnaoms
1007 3460 1044 3528 X,
1065 3465 1124 3532 52):

26 3538 32 3553 ‘
114 3529 275 3586 Bieomium
292 3531 419 3599 quietum
437 3545 570 3600 quaerere.
997 3571 999 3577 ,
