<?xml version="1.0" encoding="UTF-8"?>
<!DOCTYPE html PUBLIC "-//W3C//DTD XHTML 1.0 Transitional//EN"
    "http://www.w3.org/TR/xhtml1/DTD/xhtml1-transitional.dtd">
<html xmlns="http://www.w3.org/1999/xhtml" xml:lang="en" lang="en">
 <head>
  <title>
</title>
<meta http-equiv="Content-Type" content="text/html;charset=utf-8" />
  <meta name='ocr-system' content='tesseract 3.04.00' />
  <meta name='ocr-capabilities' content='ocr_page ocr_carea ocr_par ocr_line ocrx_word'/>
</head>
<body>
  <div class='ocr_page' id='page_1' title='image "./euclidisoperaom18unkngoog/euclidisoperaom18unkngoog_0184.png"; bbox 0 0 2408 3848; ppageno 0'>
   <div class='ocr_carea' id='block_1_1' title="bbox 296 147 1089 214">
    <p class='ocr_par' dir='ltr' id='par_1_1' title="bbox 296 147 1089 214">
     <span class='ocr_line' id='line_1_1' title="bbox 296 147 1089 214; baseline 0.018 -14"><span class='ocrx_word' id='word_1_1' title='bbox 296 158 300 165; x_wconf 84' lang='grc'><strong>’</strong></span> <span class='ocrx_word' id='word_1_2' title='bbox 386 149 436 202; x_wconf 84' lang='lat' dir='ltr'><strong>AD</strong></span> <span class='ocrx_word' id='word_1_3' title='bbox 455 147 640 204; x_wconf 78' lang='lat' dir='ltr'><strong>EUCLIDEM</strong></span> <span class='ocrx_word' id='word_1_4' title='bbox 658 149 724 203; x_wconf 90' lang='lat' dir='ltr'>LIB.</span> <span class='ocrx_word' id='word_1_5' title='bbox 739 149 786 204; x_wconf 93' lang='lat' dir='ltr'><strong>IV.</strong></span> <span class='ocrx_word' id='word_1_6' title='bbox 1028 151 1089 214; x_wconf 77' lang='grc'><strong>147</strong></span> 
     </span>
    </p>
   </div>
   <div class='ocr_carea' id='block_1_2' title="bbox 78 312 617 396">
    <p class='ocr_par' dir='ltr' id='par_1_2' title="bbox 78 312 617 396">
     <span class='ocr_line' id='line_1_2' title="bbox 78 312 617 396; baseline 0 -22"><span class='ocrx_word' id='word_1_7' title='bbox 78 312 209 376; x_wconf 87' lang='lat' dir='ltr'><strong>duorum</strong></span> <span class='ocrx_word' id='word_1_8' title='bbox 235 318 413 396; x_wconf 77' lang='lat' dir='ltr'><strong>angulorum</strong></span> <span class='ocrx_word' id='word_1_9' title='bbox 436 318 547 377; x_wconf 79' lang='lat' dir='ltr'><strong>cett</strong></span> <span class='ocrx_word' id='word_1_10' title='bbox 572 321 617 375; x_wconf 90' lang='lat' dir='ltr'><strong>est</strong></span> 
     </span>
    </p>
   </div>
   <div class='ocr_carea' id='block_1_3' title="bbox 639 319 1091 395">
    <p class='ocr_par' dir='ltr' id='par_1_3' title="bbox 639 319 1091 395">
     <span class='ocr_line' id='line_1_3' title="bbox 639 319 1091 395; baseline 0.009 -21"><span class='ocrx_word' id='word_1_11' title='bbox 639 320 750 395; x_wconf 86' lang='lat' dir='ltr'><strong>rectus,</strong></span> <span class='ocrx_word' id='word_1_12' title='bbox 779 319 808 374; x_wconf 91' lang='lat' dir='ltr'><strong>et</strong></span> <span class='ocrx_word' id='word_1_13' title='bbox 836 319 963 395; x_wconf 81' lang='lat' dir='ltr'><strong>angulus</strong></span> <span class='ocrx_word' id='word_1_14' title='bbox 986 336 1003 378; x_wconf 70' lang='lat' dir='ltr'><strong>s</strong></span> <span class='ocrx_word' id='word_1_15' title='bbox 1024 339 1091 394; x_wconf 88' lang='lat' dir='ltr'><strong>pro·</strong></span> 
     </span>
    </p>
   </div>
   <div class='ocr_carea' id='block_1_4' title="bbox 81 405 1132 840">
    <p class='ocr_par' dir='ltr' id='par_1_4' title="bbox 81 405 1132 840">
     <span class='ocr_line' id='line_1_4' title="bbox 81 405 1092 484; baseline 0 -18"><span class='ocrx_word' id='word_1_16' title='bbox 81 407 194 479; x_wconf 81' lang='lat' dir='ltr'><strong>positus</strong></span> <span class='ocrx_word' id='word_1_17' title='bbox 220 409 265 466; x_wconf 86' lang='lat' dir='ltr'><strong>est</strong></span> <span class='ocrx_word' id='word_1_18' title='bbox 286 409 398 482; x_wconf 88' lang='lat' dir='ltr'><strong>rectus,</strong></span> <span class='ocrx_word' id='word_1_19' title='bbox 422 426 491 484; x_wconf 83' lang='lat' dir='ltr'><strong>ergo</strong></span> <span class='ocrx_word' id='word_1_20' title='bbox 515 405 648 481; x_wconf 91' lang='lat' dir='ltr'><strong>reliquus</strong></span> <span class='ocrx_word' id='word_1_21' title='bbox 671 407 799 482; x_wconf 84' lang='lat' dir='ltr'><strong>angulus</strong></span> <span class='ocrx_word' id='word_1_22' title='bbox 823 409 884 466; x_wconf 83' lang='lat' dir='ltr'><strong>oet</strong></span> <span class='ocrx_word' id='word_1_23' title='bbox 912 411 957 466; x_wconf 92' lang='lat' dir='ltr'><strong>est</strong></span> <span class='ocrx_word' id='word_1_24' title='bbox 979 412 1092 483; x_wconf 81' lang='lat' dir='ltr'><strong>rectus3</strong></span> 
     </span>
     <span class='ocr_line' id='line_1_5' title="bbox 84 495 1093 572; baseline 0.005 -21"><span class='ocrx_word' id='word_1_25' title='bbox 84 499 109 554; x_wconf 88' lang='lat' dir='ltr'><strong>et</strong></span> <span class='ocrx_word' id='word_1_26' title='bbox 126 495 272 556; x_wconf 83' lang='lat' dir='ltr'><strong>similiter</strong></span> <span class='ocrx_word' id='word_1_27' title='bbox 295 497 456 572; x_wconf 85' lang='lat' dir='ltr'><strong>ostendum,</strong></span> <span class='ocrx_word' id='word_1_28' title='bbox 481 495 561 571; x_wconf 94' lang='lat' dir='ltr'><strong>quod</strong></span> <span class='ocrx_word' id='word_1_29' title='bbox 584 495 710 572; x_wconf 82' lang='lat' dir='ltr'><strong>angulus</strong></span> <span class='ocrx_word' id='word_1_30' title='bbox 735 497 799 555; x_wconf 84' lang='lat' dir='ltr'><strong>aed</strong></span> <span class='ocrx_word' id='word_1_31' title='bbox 822 498 1000 556; x_wconf 80' lang='lat' dir='ltr'><strong>estractus:</strong></span> <span class='ocrx_word' id='word_1_32' title='bbox 1028 497 1093 556; x_wconf 91' lang='lat' dir='ltr'><strong>Iam</strong></span> 
     </span>
     <span class='ocr_line' id='line_1_6' title="bbox 84 583 1092 662; baseline 0.006 -22"><span class='ocrx_word' id='word_1_33' title='bbox 84 602 149 662; x_wconf 85' lang='lat' dir='ltr'><strong>ergo</strong></span> <span class='ocrx_word' id='word_1_34' title='bbox 172 583 389 661; x_wconf 85' lang='lat' dir='ltr'><strong>protrahuntur</strong></span> <span class='ocrx_word' id='word_1_35' title='bbox 412 604 430 644; x_wconf 91' lang='lat' dir='ltr'><strong>a</strong></span> <span class='ocrx_word' id='word_1_36' title='bbox 453 587 562 661; x_wconf 86' lang='lat' dir='ltr'><strong>puncto</strong></span> <span class='ocrx_word' id='word_1_37' title='bbox 586 603 600 642; x_wconf 90' lang='lat' dir='ltr'><strong>c</strong></span> <span class='ocrx_word' id='word_1_38' title='bbox 623 585 699 642; x_wconf 91' lang='lat' dir='ltr'><strong>linee</strong></span> <span class='ocrx_word' id='word_1_39' title='bbox 723 603 763 644; x_wconf 87' lang='lat' dir='ltr'><strong>oe</strong></span> <span class='ocrx_word' id='word_1_40' title='bbox 786 585 843 643; x_wconf 90' lang='lat' dir='ltr'><strong>due</strong></span> <span class='ocrx_word' id='word_1_41' title='bbox 863 585 939 643; x_wconf 91' lang='lat' dir='ltr'><strong>linee</strong></span> <span class='ocrx_word' id='word_1_42' title='bbox 962 586 994 643; x_wconf 90' lang='lat' dir='ltr'><strong>in</strong></span> <span class='ocrx_word' id='word_1_43' title='bbox 1018 587 1092 646; x_wconf 85' lang='lat' dir='ltr'><strong>duas</strong></span> 
     </span>
     <span class='ocr_line' id='line_1_7' title="bbox 83 672 1132 750; baseline 0.003 -19"><span class='ocrx_word' id='word_1_44' title='bbox 83 672 211 734; x_wconf 84' lang='lat' dir='ltr'><strong>diversas</strong></span> <span class='ocrx_word' id='word_1_45' title='bbox 241 677 358 749; x_wconf 89' lang='lat' dir='ltr'><strong>partes,</strong></span> <span class='ocrx_word' id='word_1_46' title='bbox 390 693 446 750; x_wconf 92' lang='lat' dir='ltr'><strong>que</strong></span> <span class='ocrx_word' id='word_1_47' title='bbox 476 676 545 733; x_wconf 90' lang='lat' dir='ltr'><strong>sunt</strong></span> <span class='ocrx_word' id='word_1_48' title='bbox 572 673 649 732; x_wconf 89' lang='lat' dir='ltr'><strong>linee</strong></span> <span class='ocrx_word' id='word_1_49' title='bbox 673 676 709 733; x_wconf 86' lang='lat' dir='ltr'><strong>eb</strong></span> <span class='ocrx_word' id='word_1_50' title='bbox 737 677 767 732; x_wconf 91' lang='lat' dir='ltr'><strong>et</strong></span> <span class='ocrx_word' id='word_1_51' title='bbox 795 675 845 750; x_wconf 84' lang='lat' dir='ltr'><strong>cd,</strong></span> <span class='ocrx_word' id='word_1_52' title='bbox 879 677 909 732; x_wconf 90' lang='lat' dir='ltr'><strong>et</strong></span> <span class='ocrx_word' id='word_1_53' title='bbox 937 677 1006 734; x_wconf 87' lang='lat' dir='ltr'><strong>sunt</strong></span> <span class='ocrx_word' id='word_1_54' title='bbox 1034 676 1091 734; x_wconf 90' lang='lat' dir='ltr'><strong>duo</strong></span> <span class='ocrx_word' id='word_1_55' title='bbox 1119 687 1132 727; x_wconf 81' lang='lat'>5</span> 
     </span>
     <span class='ocr_line' id='line_1_8' title="bbox 82 762 1092 840; baseline 0.005 -21"><span class='ocrx_word' id='word_1_56' title='bbox 82 762 192 840; x_wconf 84' lang='lat' dir='ltr'><strong>auguli,</strong></span> <span class='ocrx_word' id='word_1_57' title='bbox 216 763 268 838; x_wconf 85' lang='lat' dir='ltr'><strong>qai</strong></span> <span class='ocrx_word' id='word_1_58' title='bbox 292 765 363 822; x_wconf 90' lang='lat' dir='ltr'><strong>sunt</strong></span> <span class='ocrx_word' id='word_1_59' title='bbox 385 781 403 821; x_wconf 89' lang='lat' dir='ltr'><strong>a</strong></span> <span class='ocrx_word' id='word_1_60' title='bbox 422 762 537 822; x_wconf 90' lang='lat' dir='ltr'><strong>duabus</strong></span> <span class='ocrx_word' id='word_1_61' title='bbox 556 762 691 837; x_wconf 88' lang='lat' dir='ltr'><strong>partibus</strong></span> <span class='ocrx_word' id='word_1_62' title='bbox 710 762 787 821; x_wconf 90' lang='lat' dir='ltr'><strong>linee</strong></span> <span class='ocrx_word' id='word_1_63' title='bbox 806 781 853 837; x_wconf 87' lang='lat' dir='ltr'><strong>oe,</strong></span> <span class='ocrx_word' id='word_1_64' title='bbox 877 764 997 838; x_wconf 82' lang='lat' dir='ltr'>equales</span> <span class='ocrx_word' id='word_1_65' title='bbox 1020 764 1092 824; x_wconf 86' lang='lat' dir='ltr'><strong>duo·</strong></span> 
     </span>
    </p>
   </div>
   <div class='ocr_carea' id='block_1_5' title="bbox 81 849 613 929">
    <p class='ocr_par' dir='ltr' id='par_1_5' title="bbox 81 849 613 929">
     <span class='ocr_line' id='line_1_9' title="bbox 81 849 613 929; baseline 0.002 -21"><span class='ocrx_word' id='word_1_66' title='bbox 81 849 132 914; x_wconf 86' lang='lat' dir='ltr'><strong>bus</strong></span> <span class='ocrx_word' id='word_1_67' title='bbox 156 851 263 911; x_wconf 89' lang='lat' dir='ltr'><strong>rectis:</strong></span> <span class='ocrx_word' id='word_1_68' title='bbox 287 869 357 929; x_wconf 84' lang='lat' dir='ltr'><strong>ergo</strong></span> <span class='ocrx_word' id='word_1_69' title='bbox 381 851 437 911; x_wconf 91' lang='lat' dir='ltr'><strong>due</strong></span> <span class='ocrx_word' id='word_1_70' title='bbox 460 851 538 911; x_wconf 87' lang='lat' dir='ltr'><strong>linee</strong></span> <span class='ocrx_word' id='word_1_71' title='bbox 563 853 613 926; x_wconf 86' lang='lat' dir='ltr'><strong>be,</strong></span> 
     </span>
    </p>
   </div>
   <div class='ocr_carea' id='block_1_6' title="bbox 637 851 1092 911">
    <p class='ocr_par' dir='ltr' id='par_1_6' title="bbox 637 851 1092 911">
     <span class='ocr_line' id='line_1_10' title="bbox 637 851 1092 911; baseline 0.002 -1"><span class='ocrx_word' id='word_1_72' title='bbox 637 853 675 910; x_wconf 83' lang='lat' dir='ltr'><strong>ed</strong></span> <span class='ocrx_word' id='word_1_73' title='bbox 702 851 862 910; x_wconf 88' lang='lat' dir='ltr'><strong>secundum</strong></span> <span class='ocrx_word' id='word_1_74' title='bbox 884 852 1092 911; x_wconf 75' lang='lat' dir='ltr'><strong>rectitudinem</strong></span> 
     </span>
    </p>
   </div>
   <div class='ocr_carea' id='block_1_7' title="bbox 78 939 1132 1195">
    <p class='ocr_par' dir='ltr' id='par_1_7' title="bbox 78 939 1132 1195">
     <span class='ocr_line' id='line_1_11' title="bbox 81 939 1093 1019; baseline 0 -19"><span class='ocrx_word' id='word_1_75' title='bbox 81 941 299 1018; x_wconf 80' lang='lat' dir='ltr'><strong>coniunguntur</strong></span> <span class='ocrx_word' id='word_1_76' title='bbox 327 943 357 999; x_wconf 91' lang='lat' dir='ltr'><strong>et</strong></span> <span class='ocrx_word' id='word_1_77' title='bbox 381 939 457 1000; x_wconf 88' lang='lat' dir='ltr'><strong>fiunt</strong></span> <span class='ocrx_word' id='word_1_78' title='bbox 484 960 544 999; x_wconf 89' lang='lat' dir='ltr'><strong>una</strong></span> <span class='ocrx_word' id='word_1_79' title='bbox 571 940 650 998; x_wconf 92' lang='lat' dir='ltr'><strong>linea</strong></span> <span class='ocrx_word' id='word_1_80' title='bbox 677 943 766 1001; x_wconf 87' lang='lat' dir='ltr'><strong>recta.</strong></span> <span class='ocrx_word' id='word_1_81' title='bbox 812 940 906 999; x_wconf 81' lang='lat' dir='ltr'><strong>Linea</strong></span> <span class='ocrx_word' id='word_1_82' title='bbox 933 942 1028 1019; x_wconf 82' lang='lat' dir='ltr'><strong>igitur</strong></span> <span class='ocrx_word' id='word_1_83' title='bbox 1052 944 1093 1000; x_wconf 85' lang='lat' dir='ltr'><strong>bd</strong></span> 
     </span>
     <span class='ocr_line' id='line_1_12' title="bbox 80 1028 1092 1106; baseline -0.001 -17"><span class='ocrx_word' id='word_1_84' title='bbox 80 1031 123 1089; x_wconf 85' lang='lat' dir='ltr'><strong>est</strong></span> <span class='ocrx_word' id='word_1_85' title='bbox 146 1029 311 1091; x_wconf 79' lang='lat' dir='ltr'><strong>diametrus</strong></span> <span class='ocrx_word' id='word_1_86' title='bbox 334 1029 436 1088; x_wconf 90' lang='lat' dir='ltr'><strong>circuli</strong></span> <span class='ocrx_word' id='word_1_87' title='bbox 459 1031 555 1104; x_wconf 72' lang='lat' dir='ltr'><strong>obyd.</strong></span> <span class='ocrx_word' id='word_1_88' title='bbox 602 1029 642 1086; x_wconf 80' lang='lat' dir='ltr'><strong>Et</strong></span> <span class='ocrx_word' id='word_1_89' title='bbox 665 1028 802 1086; x_wconf 87' lang='lat' dir='ltr'><strong>similiter</strong></span> <span class='ocrx_word' id='word_1_90' title='bbox 825 1031 986 1106; x_wconf 90' lang='lat' dir='ltr'><strong>ostendam,</strong></span> <span class='ocrx_word' id='word_1_91' title='bbox 1011 1031 1092 1106; x_wconf 92' lang='lat' dir='ltr'><strong>quod</strong></span> 
     </span>
     <span class='ocr_line' id='line_1_13' title="bbox 78 1116 1132 1195; baseline -0.007 -16"><span class='ocrx_word' id='word_1_92' title='bbox 78 1117 157 1179; x_wconf 85' lang='lat' dir='ltr'><strong>linea</strong></span> <span class='ocrx_word' id='word_1_93' title='bbox 180 1136 222 1192; x_wconf 69' lang='lat' dir='ltr'><strong>oy</strong></span> <span class='ocrx_word' id='word_1_94' title='bbox 245 1120 291 1178; x_wconf 85' lang='lat' dir='ltr'><strong>est</strong></span> <span class='ocrx_word' id='word_1_95' title='bbox 313 1119 377 1179; x_wconf 90' lang='lat' dir='ltr'><strong>eius</strong></span> <span class='ocrx_word' id='word_1_96' title='bbox 400 1118 577 1191; x_wconf 77' lang='lat' dir='ltr'><strong>diametrus,</strong></span> <span class='ocrx_word' id='word_1_97' title='bbox 601 1116 715 1191; x_wconf 88' lang='lat' dir='ltr'><strong>etipse</strong></span> <span class='ocrx_word' id='word_1_98' title='bbox 739 1117 800 1175; x_wconf 89' lang='lat' dir='ltr'><strong>iam</strong></span> <span class='ocrx_word' id='word_1_99' title='bbox 822 1137 853 1177; x_wconf 85' lang='lat' dir='ltr'><strong>se</strong></span> <span class='ocrx_word' id='word_1_100' title='bbox 877 1123 979 1178; x_wconf 78' lang='lat' dir='ltr'><strong>secant</strong></span> <span class='ocrx_word' id='word_1_101' title='bbox 1002 1138 1092 1195; x_wconf 85' lang='lat' dir='ltr'><strong>supra</strong></span> <span class='ocrx_word' id='word_1_102' title='bbox 1106 1133 1132 1173; x_wconf 85' lang='grc' dir='ltr'><strong>ιο</strong></span> 
     </span>
    </p>
   </div>
   <div class='ocr_carea' id='block_1_8' title="bbox 78 1206 624 1372">
    <p class='ocr_par' dir='ltr' id='par_1_8' title="bbox 78 1206 624 1372">
     <span class='ocr_line' id='line_1_14' title="bbox 78 1206 624 1282; baseline -0.007 -17"><span class='ocrx_word' id='word_1_103' title='bbox 78 1209 220 1282; x_wconf 89' lang='lat' dir='ltr'><strong>punctum</strong></span> <span class='ocrx_word' id='word_1_104' title='bbox 243 1225 265 1266; x_wconf 85' lang='lat' dir='ltr'><strong>c.</strong></span> <span class='ocrx_word' id='word_1_105' title='bbox 311 1207 470 1266; x_wconf 79' lang='lat' dir='ltr'><strong>Eucmnus</strong></span> <span class='ocrx_word' id='word_1_106' title='bbox 493 1207 595 1281; x_wconf 87' lang='lat' dir='ltr'><strong>itaque</strong></span> <span class='ocrx_word' id='word_1_107' title='bbox 614 1206 624 1262; x_wconf 93' lang='lat' dir='ltr'><strong>i</strong></span> 
     </span>
     <span class='ocr_line' id='line_1_15' title="bbox 78 1295 608 1372; baseline -0.002 -19"><span class='ocrx_word' id='word_1_108' title='bbox 78 1295 155 1372; x_wconf 93' lang='lat' dir='ltr'><strong>loco,</strong></span> <span class='ocrx_word' id='word_1_109' title='bbox 183 1295 236 1355; x_wconf 88' lang='lat' dir='ltr'><strong>ubi</strong></span> <span class='ocrx_word' id='word_1_110' title='bbox 259 1296 374 1355; x_wconf 86' lang='lat' dir='ltr'><strong>invenit</strong></span> <span class='ocrx_word' id='word_1_111' title='bbox 396 1299 545 1370; x_wconf 82' lang='lat' dir='ltr'><strong>centrum,</strong></span> <span class='ocrx_word' id='word_1_112' title='bbox 574 1297 608 1366; x_wconf 45' lang='lat' dir='ltr'><strong>et,</strong></span> 
     </span>
    </p>
   </div>
   <div class='ocr_carea' id='block_1_9' title="bbox 625 1207 1092 1370">
    <p class='ocr_par' dir='ltr' id='par_1_9' title="bbox 625 1207 1092 1370">
     <span class='ocr_line' id='line_1_16' title="bbox 625 1207 1092 1282; baseline 0.013 -21"><span class='ocrx_word' id='word_1_113' title='bbox 625 1207 724 1280; x_wconf 89' lang='lat' dir='ltr'><strong>ucepit</strong></span> <span class='ocrx_word' id='word_1_114' title='bbox 747 1209 777 1264; x_wconf 91' lang='lat' dir='ltr'><strong>et</strong></span> <span class='ocrx_word' id='word_1_115' title='bbox 795 1209 962 1282; x_wconf 87' lang='lat' dir='ltr'><strong>composuit</strong></span> <span class='ocrx_word' id='word_1_116' title='bbox 981 1207 1092 1267; x_wconf 87' lang='lat' dir='ltr'><strong>abhoc</strong></span> 
     </span>
     <span class='ocr_line' id='line_1_17' title="bbox 630 1294 1091 1370; baseline 0.009 -20"><span class='ocrx_word' id='word_1_117' title='bbox 630 1294 702 1352; x_wconf 86' lang='lat' dir='ltr'><strong>fecit</strong></span> <span class='ocrx_word' id='word_1_118' title='bbox 729 1313 820 1370; x_wconf 89' lang='lat' dir='ltr'><strong>supra</strong></span> <span class='ocrx_word' id='word_1_119' title='bbox 843 1296 942 1370; x_wconf 90' lang='lat' dir='ltr'><strong>ipsum</strong></span> <span class='ocrx_word' id='word_1_120' title='bbox 964 1299 1091 1356; x_wconf 79' lang='lat' dir='ltr'><strong>transire</strong></span> 
     </span>
    </p>
   </div>
   <div class='ocr_carea' id='block_1_10' title="bbox 77 1383 1092 1550">
    <p class='ocr_par' dir='ltr' id='par_1_10' title="bbox 77 1383 1092 1550">
     <span class='ocr_line' id='line_1_18' title="bbox 78 1383 1092 1461; baseline -0.001 -17"><span class='ocrx_word' id='word_1_121' title='bbox 78 1383 151 1444; x_wconf 86' lang='lat' dir='ltr'><strong>duas</strong></span> <span class='ocrx_word' id='word_1_122' title='bbox 175 1384 336 1446; x_wconf 89' lang='lat' dir='ltr'><strong>diametros</strong></span> <span class='ocrx_word' id='word_1_123' title='bbox 359 1403 410 1460; x_wconf 71' lang='lat' dir='ltr'><strong>oq,</strong></span> <span class='ocrx_word' id='word_1_124' title='bbox 433 1387 475 1444; x_wconf 78' lang='lat' dir='ltr'><strong>od</strong></span> <span class='ocrx_word' id='word_1_125' title='bbox 497 1386 631 1444; x_wconf 89' lang='lat' dir='ltr'><strong>secantes</strong></span> <span class='ocrx_word' id='word_1_126' title='bbox 650 1401 681 1441; x_wconf 91' lang='lat' dir='ltr'><strong>se</strong></span> <span class='ocrx_word' id='word_1_127' title='bbox 700 1383 943 1461; x_wconf 83' lang='lat' dir='ltr'><strong>orthogonaliter,</strong></span> <span class='ocrx_word' id='word_1_128' title='bbox 968 1388 998 1443; x_wconf 91' lang='lat' dir='ltr'><strong>et</strong></span> <span class='ocrx_word' id='word_1_129' title='bbox 1020 1386 1092 1444; x_wconf 85' lang='lat' dir='ltr'><strong>feeit</strong></span> 
     </span>
     <span class='ocr_line' id='line_1_19' title="bbox 77 1473 1091 1550; baseline 0 -18"><span class='ocrx_word' id='word_1_130' title='bbox 77 1473 202 1533; x_wconf 88' lang='lat' dir='ltr'><strong>transire</strong></span> <span class='ocrx_word' id='word_1_131' title='bbox 227 1492 317 1550; x_wconf 79' lang='lat' dir='ltr'><strong>supro</strong></span> <span class='ocrx_word' id='word_1_132' title='bbox 346 1475 546 1533; x_wconf 86' lang='lat' dir='ltr'><strong>extremitates</strong></span> <span class='ocrx_word' id='word_1_133' title='bbox 574 1473 786 1530; x_wconf 86' lang='lat' dir='ltr'><strong>diametrorum</strong></span> <span class='ocrx_word' id='word_1_134' title='bbox 809 1473 915 1530; x_wconf 81' lang='lat' dir='ltr'><strong>herum</strong></span> <span class='ocrx_word' id='word_1_135' title='bbox 947 1473 1091 1532; x_wconf 88' lang='lat' dir='ltr'><strong>circulum</strong></span> 
     </span>
    </p>
   </div>
   <div class='ocr_carea' id='block_1_11' title="bbox 78 1560 1129 1732">
    <p class='ocr_par' dir='ltr' id='par_1_11' title="bbox 78 1560 1129 1732">
     <span class='ocr_line' id='line_1_20' title="bbox 78 1560 1129 1640; baseline -0.006 -20"><span class='ocrx_word' id='word_1_136' title='bbox 78 1563 289 1640; x_wconf 80' lang='lat' dir='ltr'><strong>contingentes.</strong></span> <span class='ocrx_word' id='word_1_137' title='bbox 334 1563 448 1622; x_wconf 91' lang='lat' dir='ltr'><strong>Deinde</strong></span> <span class='ocrx_word' id='word_1_138' title='bbox 472 1560 633 1638; x_wconf 87' lang='lat' dir='ltr'><strong>complevit</strong></span> <span class='ocrx_word' id='word_1_139' title='bbox 654 1561 802 1635; x_wconf 85' lang='lat' dir='ltr'><strong>reliquam</strong></span> <span class='ocrx_word' id='word_1_140' title='bbox 825 1560 1040 1636; x_wconf 88' lang='lat' dir='ltr'><strong>probationem.</strong></span> <span class='ocrx_word' id='word_1_141' title='bbox 1104 1575 1129 1614; x_wconf 83' lang='lat'><strong>15</strong></span> 
     </span>
     <span class='ocr_line' id='line_1_21' title="bbox 163 1644 1090 1732; baseline 0.001 -23"><span class='ocrx_word' id='word_1_142' title='bbox 163 1651 209 1710; x_wconf 91' lang='lat' dir='ltr'><strong>De</strong></span> <span class='ocrx_word' id='word_1_143' title='bbox 237 1655 365 1712; x_wconf 86' lang='lat' dir='ltr'><strong>octava</strong></span> <span class='ocrx_word' id='word_1_144' title='bbox 392 1644 548 1732; x_wconf 81' lang='lat' dir='ltr'><strong>figure1)</strong></span> <span class='ocrx_word' id='word_1_145' title='bbox 576 1649 650 1709; x_wconf 90' lang='lat' dir='ltr'><strong>nihil</strong></span> <span class='ocrx_word' id='word_1_146' title='bbox 683 1649 757 1707; x_wconf 82' lang='lat' dir='ltr'><strong>dixit</strong></span> <span class='ocrx_word' id='word_1_147' title='bbox 779 1650 912 1724; x_wconf 70' lang='lat' dir='ltr'><strong>Yonum,</strong></span> <span class='ocrx_word' id='word_1_148' title='bbox 945 1650 995 1708; x_wconf 91' lang='lat' dir='ltr'><strong>sed</strong></span> <span class='ocrx_word' id='word_1_149' title='bbox 1027 1650 1090 1710; x_wconf 86' lang='lat' dir='ltr'><strong>eius</strong></span> 
     </span>
    </p>
   </div>
   <div class='ocr_carea' id='block_1_12' title="bbox 78 1738 1089 1814">
    <p class='ocr_par' dir='ltr' id='par_1_12' title="bbox 78 1738 1089 1814">
     <span class='ocr_line' id='line_1_22' title="bbox 78 1738 1089 1814; baseline -0.001 -16"><span class='ocrx_word' id='word_1_150' title='bbox 78 1739 184 1799; x_wconf 88' lang='lat' dir='ltr'><strong>solutio</strong></span> <span class='ocrx_word' id='word_1_151' title='bbox 207 1741 277 1800; x_wconf 87' lang='lat' dir='ltr'><strong>talis</strong></span> <span class='ocrx_word' id='word_1_152' title='bbox 297 1743 349 1801; x_wconf 88' lang='lat' dir='ltr'><strong>eet.</strong></span> <span class='ocrx_word' id='word_1_153' title='bbox 396 1741 473 1810; x_wconf 85' lang='lat' dir='ltr'><strong>Quia</strong></span> <span class='ocrx_word' id='word_1_154' title='bbox 492 1743 530 1802; x_wconf 80' lang='lat' dir='ltr'><strong>loe</strong></span> <span class='ocrx_word' id='word_1_155' title='bbox 549 1744 593 1800; x_wconf 91' lang='lat' dir='ltr'><strong>est</strong></span> <span class='ocrx_word' id='word_1_156' title='bbox 612 1739 727 1814; x_wconf 84' lang='lat' dir='ltr'><strong>equalis</strong></span> <span class='ocrx_word' id='word_1_157' title='bbox 745 1739 792 1814; x_wconf 68' lang='lat' dir='ltr'><strong>loz,</strong></span> <span class='ocrx_word' id='word_1_158' title='bbox 816 1741 846 1797; x_wconf 92' lang='lat' dir='ltr'><strong>et</strong></span> <span class='ocrx_word' id='word_1_159' title='bbox 864 1738 944 1796; x_wconf 86' lang='lat' dir='ltr'><strong>linea</strong></span> <span class='ocrx_word' id='word_1_160' title='bbox 963 1740 1003 1797; x_wconf 85' lang='lat' dir='ltr'><strong>ob</strong></span> <span class='ocrx_word' id='word_1_161' title='bbox 1023 1757 1089 1797; x_wconf 90' lang='lat' dir='ltr'><strong>con-</strong></span> 
     </span>
    </p>
   </div>
   <div class='ocr_carea' id='block_1_13' title="bbox 547 1938 572 1971">
    <p class='ocr_par' dir='ltr' id='par_1_13' title="bbox 547 1938 572 1971">
     <span class='ocr_line' id='line_1_23' title="bbox 547 1938 572 1971; baseline 0 0"><span class='ocrx_word' id='word_1_162' title='bbox 547 1938 572 1971; x_wconf 73' lang='grc' dir='ltr'><strong>αι</strong></span> 
     </span>
    </p>
   </div>
   <div class='ocr_carea' id='block_1_14' title="bbox 621 1828 1129 2351">
    <p class='ocr_par' dir='ltr' id='par_1_14' title="bbox 621 1828 1129 2351">
     <span class='ocr_line' id='line_1_24' title="bbox 624 1828 1090 1905; baseline 0.002 -20"><span class='ocrx_word' id='word_1_163' title='bbox 624 1828 716 1905; x_wconf 81' lang='lat' dir='ltr'><strong>tingit</strong></span> <span class='ocrx_word' id='word_1_164' title='bbox 738 1828 883 1887; x_wconf 89' lang='lat' dir='ltr'><strong>circulum</strong></span> <span class='ocrx_word' id='word_1_165' title='bbox 906 1845 996 1903; x_wconf 86' lang='lat' dir='ltr'><strong>supra</strong></span> <span class='ocrx_word' id='word_1_166' title='bbox 1014 1847 1090 1904; x_wconf 88' lang='lat' dir='ltr'><strong>pun-</strong></span> 
     </span>
     <span class='ocr_line' id='line_1_25' title="bbox 627 1916 1091 1993; baseline 0.002 -18"><span class='ocrx_word' id='word_1_167' title='bbox 627 1919 709 1975; x_wconf 92' lang='lat' dir='ltr'><strong>ctum</strong></span> <span class='ocrx_word' id='word_1_168' title='bbox 724 1935 745 1993; x_wconf 89' lang='lat' dir='ltr'><strong>e,</strong></span> <span class='ocrx_word' id='word_1_169' title='bbox 761 1920 790 1976; x_wconf 90' lang='lat' dir='ltr'><strong>et</strong></span> <span class='ocrx_word' id='word_1_170' title='bbox 804 1916 941 1977; x_wconf 84' lang='lat' dir='ltr'><strong>similiter</strong></span> <span class='ocrx_word' id='word_1_171' title='bbox 954 1917 1033 1976; x_wconf 83' lang='lat' dir='ltr'><strong>linea</strong></span> <span class='ocrx_word' id='word_1_172' title='bbox 1048 1919 1091 1976; x_wconf 82' lang='lat' dir='ltr'><strong>od</strong></span> 
     </span>
     <span class='ocr_line' id='line_1_26' title="bbox 622 2006 1129 2083; baseline 0 -19"><span class='ocrx_word' id='word_1_173' title='bbox 622 2006 769 2083; x_wconf 86' lang='lat' dir='ltr'><strong>contingit</strong></span> <span class='ocrx_word' id='word_1_174' title='bbox 814 2007 958 2067; x_wconf 82' lang='lat' dir='ltr'><strong>circulum</strong></span> <span class='ocrx_word' id='word_1_175' title='bbox 999 2025 1089 2082; x_wconf 82' lang='lat' dir='ltr'><strong>supra</strong></span> <span class='ocrx_word' id='word_1_176' title='bbox 1103 2020 1129 2058; x_wconf 79' lang='lat'><strong>2⁰</strong></span> 
     </span>
     <span class='ocr_line' id='line_1_27' title="bbox 621 2095 1090 2175; baseline 0.004 -23"><span class='ocrx_word' id='word_1_177' title='bbox 621 2097 768 2168; x_wconf 85' lang='lat' dir='ltr'><strong>punctum</strong></span> <span class='ocrx_word' id='word_1_178' title='bbox 793 2114 822 2171; x_wconf 79' lang='lat' dir='ltr'><strong>a,</strong></span> <span class='ocrx_word' id='word_1_179' title='bbox 860 2115 929 2175; x_wconf 85' lang='lat' dir='ltr'><strong>ergo</strong></span> <span class='ocrx_word' id='word_1_180' title='bbox 963 2095 1090 2171; x_wconf 88' lang='lat' dir='ltr'><strong>quilibet</strong></span> 
     </span>
     <span class='ocr_line' id='line_1_28' title="bbox 622 2182 1090 2261; baseline 0.009 -22"><span class='ocrx_word' id='word_1_181' title='bbox 622 2182 748 2242; x_wconf 90' lang='lat' dir='ltr'><strong>duorum</strong></span> <span class='ocrx_word' id='word_1_182' title='bbox 793 2186 986 2261; x_wconf 81' lang='lat' dir='ltr'><strong>angulorum,</strong></span> <span class='ocrx_word' id='word_1_183' title='bbox 1038 2185 1090 2260; x_wconf 91' lang='lat' dir='ltr'><strong>qui</strong></span> 
     </span>
     <span class='ocr_line' id='line_1_29' title="bbox 621 2268 1089 2351; baseline 0.004 -21"><span class='ocrx_word' id='word_1_184' title='bbox 621 2274 691 2330; x_wconf 86' lang='lat' dir='ltr'><strong>sunt</strong></span> <span class='ocrx_word' id='word_1_185' title='bbox 709 2272 790 2347; x_wconf 83' lang='lat' dir='ltr'><strong>apud</strong></span> <span class='ocrx_word' id='word_1_186' title='bbox 808 2276 919 2347; x_wconf 90' lang='lat' dir='ltr'><strong>puncta</strong></span> <span class='ocrx_word' id='word_1_187' title='bbox 938 2291 954 2332; x_wconf 74' lang='lat' dir='ltr'><strong>s</strong></span> <span class='ocrx_word' id='word_1_188' title='bbox 973 2276 1003 2331; x_wconf 93' lang='lat' dir='ltr'><strong>et</strong></span> <span class='ocrx_word' id='word_1_189' title='bbox 1023 2268 1089 2351; x_wconf 70' lang='lat' dir='ltr'><strong>(e),</strong></span> 
     </span>
    </p>
   </div>
   <div class='ocr_carea' id='block_1_15' title="bbox 553 2360 1088 2439">
    <p class='ocr_par' dir='ltr' id='par_1_15' title="bbox 553 2360 1088 2439">
     <span class='ocr_line' id='line_1_30' title="bbox 553 2360 1088 2439; baseline 0.006 -22"><span class='ocrx_word' id='word_1_190' title='bbox 553 2383 554 2386; x_wconf 41' lang='lat'>¹</span> <span class='ocrx_word' id='word_1_191' title='bbox 622 2363 667 2418; x_wconf 86' lang='lat' dir='ltr'><strong>est</strong></span> <span class='ocrx_word' id='word_1_192' title='bbox 680 2364 788 2419; x_wconf 85' lang='lat' dir='ltr'><strong>rectus</strong></span> <span class='ocrx_word' id='word_1_193' title='bbox 817 2360 874 2419; x_wconf 81' lang='lat' dir='ltr'><strong>Sed</strong></span> <span class='ocrx_word' id='word_1_194' title='bbox 889 2363 980 2420; x_wconf 89' lang='lat' dir='ltr'><strong>etiam</strong></span> <span class='ocrx_word' id='word_1_195' title='bbox 994 2380 1088 2439; x_wconf 85' lang='lat' dir='ltr'><strong>angu-</strong></span> 
     </span>
    </p>
   </div>
   <div class='ocr_carea' id='block_1_16' title="bbox 620 2449 1135 2687">
    <p class='ocr_par' dir='ltr' id='par_1_16' title="bbox 620 2449 1135 2687">
     <span class='ocr_line' id='line_1_31' title="bbox 621 2449 1135 2526; baseline -0.008 -20"><span class='ocrx_word' id='word_1_196' title='bbox 621 2449 667 2506; x_wconf 91' lang='lat' dir='ltr'><strong>lus</strong></span> <span class='ocrx_word' id='word_1_197' title='bbox 691 2466 711 2507; x_wconf 89' lang='lat' dir='ltr'><strong>o</strong></span> <span class='ocrx_word' id='word_1_198' title='bbox 737 2451 782 2507; x_wconf 89' lang='lat' dir='ltr'><strong>est</strong></span> <span class='ocrx_word' id='word_1_199' title='bbox 804 2451 917 2508; x_wconf 89' lang='lat' dir='ltr'><strong>rectus:</strong></span> <span class='ocrx_word' id='word_1_200' title='bbox 944 2450 1087 2526; x_wconf 88' lang='lat' dir='ltr'><strong>relinqui·</strong></span> <span class='ocrx_word' id='word_1_201' title='bbox 1102 2462 1135 2502; x_wconf 80' lang='lat' dir='ltr'><strong>as-</strong></span> 
     </span>
     <span class='ocr_line' id='line_1_32' title="bbox 620 2539 1089 2615; baseline 0.004 -20"><span class='ocrx_word' id='word_1_202' title='bbox 620 2540 671 2596; x_wconf 91' lang='lat' dir='ltr'><strong>tur</strong></span> <span class='ocrx_word' id='word_1_203' title='bbox 694 2556 778 2614; x_wconf 80' lang='lat' dir='ltr'><strong>ergo,</strong></span> <span class='ocrx_word' id='word_1_204' title='bbox 804 2540 838 2596; x_wconf 88' lang='lat' dir='ltr'><strong>ut</strong></span> <span class='ocrx_word' id='word_1_205' title='bbox 860 2539 988 2615; x_wconf 78' lang='lat' dir='ltr'><strong>angulus</strong></span> <span class='ocrx_word' id='word_1_206' title='bbox 1007 2540 1026 2596; x_wconf 79' lang='lat' dir='ltr'><strong>lo</strong></span> <span class='ocrx_word' id='word_1_207' title='bbox 1048 2540 1089 2599; x_wconf 86' lang='lat' dir='ltr'><strong>sit</strong></span> 
     </span>
     <span class='ocr_line' id='line_1_33' title="bbox 620 2626 1088 2687; baseline 0.004 -4"><span class='ocrx_word' id='word_1_208' title='bbox 620 2628 728 2686; x_wconf 84' lang='lat' dir='ltr'><strong>rectus.</strong></span> <span class='ocrx_word' id='word_1_209' title='bbox 767 2626 808 2684; x_wconf 81' lang='lat' dir='ltr'><strong>Et</strong></span> <span class='ocrx_word' id='word_1_210' title='bbox 830 2627 968 2685; x_wconf 90' lang='lat' dir='ltr'><strong>similiter</strong></span> <span class='ocrx_word' id='word_1_211' title='bbox 991 2630 1088 2687; x_wconf 87' lang='lat' dir='ltr'><strong>caten·</strong></span> 
     </span>
    </p>
   </div>
   <div class='ocr_carea' id='block_1_17' title="bbox 544 2709 1089 2792">
    <p class='ocr_par' dir='ltr' id='par_1_17' title="bbox 544 2709 1089 2792">
     <span class='ocr_line' id='line_1_34' title="bbox 544 2709 1089 2792; baseline 0.006 -21"><span class='ocrx_word' id='word_1_212' title='bbox 544 2709 547 2714; x_wconf 70' lang='grc'><strong>’</strong></span> <span class='ocrx_word' id='word_1_213' title='bbox 621 2714 698 2789; x_wconf 91' lang='lat' dir='ltr'><strong>dam,</strong></span> <span class='ocrx_word' id='word_1_214' title='bbox 722 2716 802 2790; x_wconf 92' lang='lat' dir='ltr'><strong>quod</strong></span> <span class='ocrx_word' id='word_1_215' title='bbox 820 2715 948 2792; x_wconf 78' lang='lat' dir='ltr'><strong>angulus</strong></span> <span class='ocrx_word' id='word_1_216' title='bbox 968 2716 1022 2775; x_wconf 76' lang='lat' dir='ltr'><strong>eut</strong></span> <span class='ocrx_word' id='word_1_217' title='bbox 1044 2720 1089 2776; x_wconf 87' lang='lat' dir='ltr'><strong>est</strong></span> 
     </span>
    </p>
   </div>
   <div class='ocr_carea' id='block_1_18' title="bbox 620 2805 1127 2952">
    <p class='ocr_par' dir='ltr' id='par_1_18' title="bbox 620 2805 1127 2952">
     <span class='ocr_line' id='line_1_35' title="bbox 620 2805 1088 2882; baseline 0.002 -21"><span class='ocrx_word' id='word_1_218' title='bbox 620 2807 732 2863; x_wconf 89' lang='lat' dir='ltr'><strong>rectus:</strong></span> <span class='ocrx_word' id='word_1_219' title='bbox 763 2823 832 2882; x_wconf 82' lang='lat' dir='ltr'><strong>ergo</strong></span> <span class='ocrx_word' id='word_1_220' title='bbox 859 2805 939 2863; x_wconf 87' lang='lat' dir='ltr'><strong>linea</strong></span> <span class='ocrx_word' id='word_1_221' title='bbox 961 2806 1017 2865; x_wconf 74' lang='lat' dir='ltr'><strong>slot</strong></span> <span class='ocrx_word' id='word_1_222' title='bbox 1043 2807 1088 2863; x_wconf 91' lang='lat' dir='ltr'><strong>est</strong></span> 
     </span>
     <span class='ocr_line' id='line_1_36' title="bbox 621 2893 1127 2952; baseline -0.01 -2"><span class='ocrx_word' id='word_1_223' title='bbox 621 2893 779 2951; x_wconf 87' lang='lat' dir='ltr'><strong>coniuncta</strong></span> <span class='ocrx_word' id='word_1_224' title='bbox 807 2893 969 2952; x_wconf 85' lang='lat' dir='ltr'><strong>secundum</strong></span> <span class='ocrx_word' id='word_1_225' title='bbox 1000 2893 1086 2952; x_wconf 88' lang='lat' dir='ltr'><strong>recti·</strong></span> <span class='ocrx_word' id='word_1_226' title='bbox 1101 2906 1127 2946; x_wconf 83' lang='lat' dir='ltr'><strong>ao</strong></span> 
     </span>
    </p>
   </div>
   <div class='ocr_carea' id='block_1_19' title="bbox 73 2974 1087 3232">
    <p class='ocr_par' dir='ltr' id='par_1_19' title="bbox 73 2974 1087 3232">
     <span class='ocr_line' id='line_1_37' title="bbox 75 2974 1087 3058; baseline 0.007 -25"><span class='ocrx_word' id='word_1_227' title='bbox 75 2976 218 3039; x_wconf 89' lang='lat' dir='ltr'><strong>tudinem.</strong></span> <span class='ocrx_word' id='word_1_228' title='bbox 255 2974 424 3035; x_wconf 82' lang='lat' dir='ltr'><strong>Secundum</strong></span> <span class='ocrx_word' id='word_1_229' title='bbox 443 2977 531 3038; x_wconf 91' lang='lat' dir='ltr'><strong>huius</strong></span> <span class='ocrx_word' id='word_1_230' title='bbox 551 2999 670 3057; x_wconf 92' lang='lat' dir='ltr'><strong>quoque</strong></span> <span class='ocrx_word' id='word_1_231' title='bbox 689 2981 873 3056; x_wconf 89' lang='lat' dir='ltr'><strong>probationis</strong></span> <span class='ocrx_word' id='word_1_232' title='bbox 893 2982 1087 3058; x_wconf 88' lang='lat' dir='ltr'><strong>equalitatem</strong></span> 
     </span>
     <span class='ocr_line' id='line_1_38' title="bbox 75 3064 1086 3141; baseline 0.009 -19"><span class='ocrx_word' id='word_1_233' title='bbox 75 3064 305 3140; x_wconf 86' lang='lat' dir='ltr'><strong>demonstratur,</strong></span> <span class='ocrx_word' id='word_1_234' title='bbox 330 3066 410 3141; x_wconf 94' lang='lat' dir='ltr'><strong>quod</strong></span> <span class='ocrx_word' id='word_1_235' title='bbox 432 3066 512 3124; x_wconf 89' lang='lat' dir='ltr'><strong>linea</strong></span> <span class='ocrx_word' id='word_1_236' title='bbox 531 3069 592 3126; x_wconf 75' lang='lat' dir='ltr'><strong>eloh</strong></span> <span class='ocrx_word' id='word_1_237' title='bbox 610 3072 655 3128; x_wconf 86' lang='lat' dir='ltr'><strong>est</strong></span> <span class='ocrx_word' id='word_1_238' title='bbox 672 3071 751 3128; x_wconf 89' lang='lat' dir='ltr'><strong>linea</strong></span> <span class='ocrx_word' id='word_1_239' title='bbox 769 3089 830 3129; x_wconf 86' lang='lat' dir='ltr'><strong>una</strong></span> <span class='ocrx_word' id='word_1_240' title='bbox 848 3074 938 3130; x_wconf 86' lang='lat' dir='ltr'><strong>recta.</strong></span> <span class='ocrx_word' id='word_1_241' title='bbox 984 3070 1086 3140; x_wconf 77' lang='lat' dir='ltr'><strong>Queri-</strong></span> 
     </span>
     <span class='ocr_line' id='line_1_39' title="bbox 73 3154 1087 3232; baseline 0.006 -20"><span class='ocrx_word' id='word_1_242' title='bbox 73 3156 123 3212; x_wconf 89' lang='lat' dir='ltr'><strong>tur</strong></span> <span class='ocrx_word' id='word_1_243' title='bbox 146 3173 230 3232; x_wconf 82' lang='lat' dir='ltr'><strong>ergo,</strong></span> <span class='ocrx_word' id='word_1_244' title='bbox 252 3158 288 3212; x_wconf 92' lang='lat' dir='ltr'><strong>ut</strong></span> <span class='ocrx_word' id='word_1_245' title='bbox 310 3154 390 3214; x_wconf 90' lang='lat' dir='ltr'><strong>linea</strong></span> <span class='ocrx_word' id='word_1_246' title='bbox 413 3174 455 3216; x_wconf 69' lang='lat' dir='ltr'><strong>aa</strong></span> <span class='ocrx_word' id='word_1_247' title='bbox 478 3155 518 3215; x_wconf 91' lang='lat' dir='ltr'><strong>sit</strong></span> <span class='ocrx_word' id='word_1_248' title='bbox 541 3159 657 3232; x_wconf 86' lang='lat' dir='ltr'><strong>equalis</strong></span> <span class='ocrx_word' id='word_1_249' title='bbox 684 3159 761 3218; x_wconf 89' lang='lat' dir='ltr'><strong>lineo</strong></span> <span class='ocrx_word' id='word_1_250' title='bbox 783 3161 832 3220; x_wconf 74' lang='lat' dir='ltr'><strong>ad.</strong></span> <span class='ocrx_word' id='word_1_251' title='bbox 883 3160 923 3219; x_wconf 79' lang='lat' dir='ltr'><strong>Et</strong></span> <span class='ocrx_word' id='word_1_252' title='bbox 951 3161 1087 3219; x_wconf 88' lang='lat' dir='ltr'><strong>similiter</strong></span> 
     </span>
    </p>
   </div>
   <div class='ocr_carea' id='block_1_20' title="bbox 147 3305 613 3376">
    <p class='ocr_par' dir='ltr' id='par_1_20' title="bbox 147 3305 613 3376">
     <span class='ocr_line' id='line_1_40' title="bbox 147 3305 613 3376; baseline 0.009 -18"><span class='ocrx_word' id='word_1_253' title='bbox 147 3311 188 3361; x_wconf 76' lang='lat'><strong>15,</strong></span> <span class='ocrx_word' id='word_1_254' title='bbox 208 3305 332 3374; x_wconf 85' lang='lat' dir='ltr'><strong>reliquis.</strong></span> <span class='ocrx_word' id='word_1_255' title='bbox 353 3339 388 3346; x_wconf 99' lang='lat'>-</span> <span class='ocrx_word' id='word_1_256' title='bbox 407 3312 448 3360; x_wconf 81' lang='lat'><strong>23.</strong></span> <span class='ocrx_word' id='word_1_257' title='bbox 469 3310 613 3376; x_wconf 85' lang='lat' dir='ltr'><strong>punctum.</strong></span> 
     </span>
    </p>
   </div>
   <div class='ocr_carea' id='block_1_21' title="bbox 141 3447 1156 3526">
    <p class='ocr_par' dir='ltr' id='par_1_21' title="bbox 141 3447 1156 3526">
     <span class='ocr_line' id='line_1_41' title="bbox 141 3447 1156 3526; baseline 0.001 -21"><span class='ocrx_word' id='word_1_258' title='bbox 141 3450 170 3519; x_wconf 68' lang='lat'><strong>⁴1)</strong></span> <span class='ocrx_word' id='word_1_259' title='bbox 189 3448 325 3508; x_wconf 64' lang='lat' dir='ltr'><strong>suesanus</strong></span> <span class='ocrx_word' id='word_1_260' title='bbox 344 3447 391 3518; x_wconf 82' lang='lat' dir='ltr'><strong>IV,</strong></span> <span class='ocrx_word' id='word_1_261' title='bbox 410 3453 439 3505; x_wconf 87' lang='lat'><strong>8:</strong></span> <span class='ocrx_word' id='word_1_262' title='bbox 467 3451 549 3510; x_wconf 80' lang='lat' dir='ltr'><strong>Intra</strong></span> <span class='ocrx_word' id='word_1_263' title='bbox 572 3451 737 3521; x_wconf 65' lang='lat' dir='ltr'><strong>quadratum</strong></span> <span class='ocrx_word' id='word_1_264' title='bbox 759 3453 932 3526; x_wconf 70' lang='lat' dir='ltr'><strong>ossioootaam</strong></span> <span class='ocrx_word' id='word_1_265' title='bbox 954 3452 1086 3509; x_wconf 66' lang='lat' dir='ltr'><strong>cuculum</strong></span> <span class='ocrx_word' id='word_1_266' title='bbox 1131 3460 1156 3497; x_wconf 48' lang='grc' dir='ltr'><strong>ι·</strong></span> 
     </span>
    </p>
   </div>
   <div class='ocr_carea' id='block_1_22' title="bbox 70 3520 228 3575">
    <p class='ocr_par' dir='ltr' id='par_1_22' title="bbox 70 3520 228 3575">
     <span class='ocr_line' id='line_1_42' title="bbox 70 3520 228 3575; baseline -0.006 0"><span class='ocrx_word' id='word_1_267' title='bbox 70 3520 228 3575; x_wconf 80' lang='lat' dir='ltr'><strong>describere.</strong></span> 
     </span>
    </p>
   </div>
   <div class='ocr_carea' id='block_1_23' title="bbox 875 3611 931 3666">
    <p class='ocr_par' dir='ltr' id='par_1_23' title="bbox 875 3611 931 3666">
     <span class='ocr_line' id='line_1_43' title="bbox 875 3611 931 3666; baseline 0.018 -1"><span class='ocrx_word' id='word_1_268' title='bbox 875 3611 931 3666; x_wconf 72' lang='lat' dir='ltr'><strong>iu*</strong></span> 
     </span>
    </p>
   </div>
   <div class='ocr_carea' id='block_1_24' title="bbox 0 0 1208 3848">
    <p class='ocr_par' dir='ltr' id='par_1_24' title="bbox 0 0 1208 3848">
     <span class='ocr_line' id='line_1_44' title="bbox 0 0 1208 3848; baseline 0 4"><span class='ocrx_word' id='word_1_269' title='bbox 0 0 1208 3848; x_wconf 95' lang='lat' dir='ltr'><strong> </strong></span> 
     </span>
    </p>
   </div>
  </div>
 </body>
</html>
