2408 3848
124 143 188 209 318
354 148 357 155 ’
411 144 575 201 animun
594 144 850 201 COMMENTARH

123 312 203 387 qnod
231 317 276 372 est
302 312 387 373 radix
414 317 613 373 trecentorum
639 314 749 391 viginti
774 333 810 373 ex
838 315 971 375 numeris
995 315 1149 381 adiuncto

122 402 221 460 decem
246 405 276 460 et
298 406 365 461 octo
389 421 423 461 ex
446 401 591 476 numeris,
617 402 717 461 radice
740 403 817 479 eius,
841 403 920 478 quod
944 410 1150 484 aggregatur,

122 494 252 565 accepta.
260 484 284 568 ¹)
343 489 417 549 (lum
452 509 524 567 ergo
556 491 654 552 minor
686 509 787 551 earum
819 511 853 551 ex
885 492 1000 553 maiore
1038 511 1147 560 earum

122 583 285 654 separatur,
308 582 443 638 remanet
465 579 654 655 superfluum,
678 581 758 656 quod
781 584 826 641 est
847 580 927 640 inter
950 600 1013 660 eas,
1042 588 1147 646 otest

94 668 201 741 blinea
224 670 265 727 ab
288 667 401 742 absque
421 667 501 726 linea
520 669 571 743 by,
591 687 648 744 que
667 672 712 727 est
729 669 815 728 radix
831 669 933 729 decem
951 671 1020 731 sine
1039 673 1144 733 radice

120 758 195 815 octo.
223 757 318 833 vargo
339 775 383 830 ay
405 757 563 819 coniuncta
586 760 632 817 est
653 757 818 818 binomium
838 757 1023 836 absolutum,
1050 765 1083 823 et
1100 765 1143 823 ab

120 845 266 903 diminuta
296 864 331 904 ex
359 864 394 904 ea
422 848 461 920 by
488 848 534 908 est
560 845 767 922 residuum*
790 850 821 907 et
846 847 947 924 ipsum
975 852 1025 907 est
1052 851 1142 914 radix

119 938 319 993 trecentorum
356 937 386 993 et
417 934 526 1012 viginti
557 934 704 994 &minuta
736 955 771 994 ex
787 935 903 995 'decem
933 940 969 997 et
998 941 1073 1001 octo
1106 959 1141 1004 ex

119 1023 251 1082 numeris
274 1026 396 1099 accepta
418 1023 517 1082 radice
541 1022 613 1101 eius,
637 1023 716 1098 quod
734 1027 877 1084 remanet.
917 1024 1026 1101 Ipsum
1045 1027 1142 1106 igitar

79 1125 105 1164 ro
119 1116 163 1170 est
186 1111 344 1171 diminutio
367 1113 454 1172 unius
476 1112 611 1170 radicum
635 1132 669 1170 ex
692 1112 797 1173 altera.

206 1201 296 1260 Volo
319 1201 484 1261 invenire
507 1200 698 1259 bimedium
717 1202 868 1277 primum
891 1205 927 1260 et
944 1203 1137 1266 residuum

118 1289 308 1349 bimediale
331 1290 491 1366 primum.

167 1427 169 1430 ,
204 1379 289 1438 Duas
311 1379 415 1454 itaque
438 1379 532 1439 lineas
554 1377 696 1438 mediales
715 1379 794 1438 etin
812 1379 948 1454 potentia
965 1386 1137 1445 communi·

117 1472 217 1527 cantes
241 1471 271 1527 et
294 1467 480 1543 superficiem
501 1467 680 1526 rationalem
700 1468 893 1542 continentes,
913 1487 1052 1544 quarum
1069 1474 1137 1536 lon·

55 1564 56 1568 ’
77 1569 103 1610 rs
116 1557 182 1634 gior
195 1575 287 1632 snpra
304 1556 469 1616 breviorem
487 1557 582 1632 possit
600 1555 761 1617 secundum
779 1559 975 1634 augmentum
990 1562 1138 1635 quadrati

115 1645 202 1721 lineo,
225 1647 272 1704 cui
290 1645 407 1721 longior
424 1645 456 1703 in
474 1645 660 1721 longitudine
679 1644 886 1721 communicat,
908 1645 1050 1725 signabo,
1076 1671 1136 1727 que

115 1735 175 1793 sint
207 1736 248 1793 ab
281 1737 312 1792 et
339 1735 390 1808 bo,
423 1737 453 1791 et
480 1733 543 1808 ipse
571 1734 632 1790 sint
658 1734 743 1792 radix
770 1729 920 1812 <radicis>
948 1741 1077 1802 centum
1107 1744 1138 1800 et

256 1903 273 1991 g
298 1884 382 1937 radia
390 1884 494 1938 radicis
503 1889 559 1937 108
583 1884 598 1994 l
643 1886 727 1939 radic
740 1886 843 1941 radicis
856 1890 914 1941 192
960 1907 979 1995 a

576 2061 665 2170 orac.
676 2063 736 2119 rad.
747 2067 803 2118 108
820 2081 839 2172 g
958 2082 976 2118 a

633 2224 719 2278 radia
731 2225 836 2279 radicis
850 2227 907 2279 192
977 2241 979 2245 ’

832 2136 970 2172 ----l

113 2371 276 2447 nonaginta
298 2371 425 2437 duorum
449 2376 479 2430 et
500 2371 585 2430 radix
606 2373 716 2434 radicis
738 2377 858 2433 centum
880 2377 911 2432 et
934 2377 1011 2434 octo.
1051 2376 1134 2439 Cum

114 2478 183 2536 ergo
207 2460 442 2538 coniunguntur,
468 2460 524 2519 erit
546 2461 626 2520 linea
649 2481 702 2538 ay,
728 2482 785 2539 que
808 2466 854 2521 est
875 2462 1041 2523 bimedium
1065 2470 1133 2544 pri-

73 2561 98 2602 so
112 2568 205 2624 mum,
234 2549 314 2624 quod
342 2553 388 2609 est
414 2552 611 2627 aggregatum
639 2570 674 2609 ex
695 2551 794 2610 radice
816 2551 924 2610 radicis
948 2555 1073 2613 centum
1100 2563 1134 2618 et

112 2638 275 2715 nonaginta
302 2638 429 2698 duorum
456 2641 486 2697 et
512 2638 610 2698 radice
637 2640 745 2699 radicis
773 2643 892 2698 centum
920 2644 950 2699 et
978 2645 1063 2720 octo,
1099 2651 1133 2707 et

111 2727 210 2802 ipsum
239 2730 283 2786 est
309 2728 365 2786 due
391 2728 505 2787 radices
532 2728 642 2805 viginti
668 2728 786 2786 milium
811 2733 841 2788 et
864 2729 1131 2806 septingentorum

80 2874 82 2880 ,
112 2818 142 2872 ct
164 2816 290 2892 triginta
313 2836 372 2892 sex,
395 2820 425 2875 et
446 2817 500 2875 heo
521 2820 566 2876 est
583 2816 668 2874 radix
687 2818 840 2895 octoginta
859 2819 985 2877 duorum
1002 2821 1131 2884 milium

112 2907 142 2961 et
173 2908 389 2981 nongentorum
421 2909 451 2964 et
483 2905 682 2982 quadraginta
715 2909 857 2982 quatuor,
889 2907 1000 2966 additis
1033 2929 1131 2988 super

72 3007 178 3050 eseam
200 2994 348 3070 trecentis¹
372 2997 494 3071 accepta
515 2994 582 3053 dico
608 2994 681 3071 eiua,
705 2995 784 3071 quod
807 2999 997 3074 aggregetur,
1021 3001 1131 3062 radice

110 3077 162 3158 <et
192 3082 276 3139 radix
308 3081 416 3142 radicis
446 3076 645 3142 trecentorum
674 3085 792 3143 milium
820 3088 850 3143 et
877 3085 1003 3162 triginta
1031 3090 1129 3151 unius

168 3258 205 3307 Ἰ3.
225 3252 333 3324 decem]
352 3252 389 3306 ad
407 3253 443 3306 et.
462 3284 496 3292 —-
517 3257 558 3312 16.
578 3252 645 3307 Post
663 3252 781 3323 signabo
800 3255 916 3310 iteratur
935 3254 1005 3309 duas
1019 3255 1128 3317 lineas,

110 3355 143 3363 -
163 3330 204 3377 22.
224 3323 345 3394 milium]
364 3322 508 3376 mensium.

109 3437 212 3443 *⁴*
237 3437 241 3442 .
245 3435 320 3442 Δ-....-

181 3505 446 3590 aluam}
496 3490 1046 3594 wermunda—friat
