<?xml version="1.0" encoding="UTF-8"?>
<!DOCTYPE html PUBLIC "-//W3C//DTD XHTML 1.0 Transitional//EN"
    "http://www.w3.org/TR/xhtml1/DTD/xhtml1-transitional.dtd">
<html xmlns="http://www.w3.org/1999/xhtml" xml:lang="en" lang="en">
 <head>
  <title>
</title>
<meta http-equiv="Content-Type" content="text/html;charset=utf-8" />
  <meta name='ocr-system' content='tesseract 3.04.00' />
  <meta name='ocr-capabilities' content='ocr_page ocr_carea ocr_par ocr_line ocrx_word'/>
</head>
<body>
  <div class='ocr_page' id='page_1' title='image "./euclidisoperaom18unkngoog/euclidisoperaom18unkngoog_0339.png"; bbox 0 0 2408 3848; ppageno 0'>
   <div class='ocr_carea' id='block_1_1' title="bbox 119 154 847 222">
    <p class='ocr_par' dir='ltr' id='par_1_1' title="bbox 119 154 847 222">
     <span class='ocr_line' id='line_1_1' title="bbox 119 154 847 222; baseline -0.007 -8"><span class='ocrx_word' id='word_1_1' title='bbox 119 156 185 222; x_wconf 78' lang='grc'>302</span> <span class='ocrx_word' id='word_1_2' title='bbox 407 155 572 212; x_wconf 79' lang='lat' dir='ltr'>ANARITII</span> <span class='ocrx_word' id='word_1_3' title='bbox 589 154 847 210; x_wconf 63' lang='lat' dir='ltr'>conflanitum</span> 
     </span>
    </p>
   </div>
   <div class='ocr_carea' id='block_1_2' title="bbox 70 323 1144 2979">
    <p class='ocr_par' dir='ltr' id='par_1_2' title="bbox 78 323 1144 1560">
     <span class='ocr_line' id='line_1_2' title="bbox 118 323 1144 402; baseline 0 -18"><span class='ocrx_word' id='word_1_4' title='bbox 118 326 262 402; x_wconf 88' lang='lat' dir='ltr'>potentia.</span> <span class='ocrx_word' id='word_1_5' title='bbox 308 325 391 385; x_wconf 82' lang='lat' dir='ltr'>inter</span> <span class='ocrx_word' id='word_1_6' title='bbox 412 326 590 384; x_wconf 69' lang='lat' dir='ltr'><strong>rationalem</strong></span> <span class='ocrx_word' id='word_1_7' title='bbox 611 343 682 383; x_wconf 82' lang='lat' dir='ltr'>rem</span> <span class='ocrx_word' id='word_1_8' title='bbox 706 328 737 383; x_wconf 87' lang='lat' dir='ltr'>ot</span> <span class='ocrx_word' id='word_1_9' title='bbox 757 323 883 383; x_wconf 80' lang='lat' dir='ltr'>surdum</span> <span class='ocrx_word' id='word_1_10' title='bbox 906 342 966 382; x_wconf 91' lang='lat' dir='ltr'>non</span> <span class='ocrx_word' id='word_1_11' title='bbox 989 327 1041 383; x_wconf 81' lang='lat' dir='ltr'>est</span> <span class='ocrx_word' id='word_1_12' title='bbox 1059 340 1144 384; x_wconf 88' lang='lat' dir='ltr'>eom·</span> 
     </span>
     <span class='ocr_line' id='line_1_3' title="bbox 118 413 1144 492; baseline 0 -20"><span class='ocrx_word' id='word_1_13' title='bbox 118 416 294 474; x_wconf 88' lang='lat' dir='ltr'>municatio:</span> <span class='ocrx_word' id='word_1_14' title='bbox 318 435 388 492; x_wconf 88' lang='lat' dir='ltr'>ergo</span> <span class='ocrx_word' id='word_1_15' title='bbox 408 415 461 488; x_wconf 82' lang='lat' dir='ltr'>ab,</span> <span class='ocrx_word' id='word_1_16' title='bbox 481 416 521 487; x_wconf 69' lang='lat' dir='ltr'>ba</span> <span class='ocrx_word' id='word_1_17' title='bbox 538 414 569 470; x_wconf 90' lang='lat' dir='ltr'>in</span> <span class='ocrx_word' id='word_1_18' title='bbox 587 413 723 488; x_wconf 90' lang='lat' dir='ltr'>potentia</span> <span class='ocrx_word' id='word_1_19' title='bbox 741 415 860 471; x_wconf 88' lang='lat' dir='ltr'>tantum</span> <span class='ocrx_word' id='word_1_20' title='bbox 879 415 951 472; x_wconf 89' lang='lat' dir='ltr'>sunt</span> <span class='ocrx_word' id='word_1_21' title='bbox 968 413 1144 472; x_wconf 74' lang='lat' dir='ltr'>rationales</span> 
     </span>
     <span class='ocr_line' id='line_1_4' title="bbox 118 499 1142 581; baseline 0.002 -21"><span class='ocrx_word' id='word_1_22' title='bbox 118 499 191 581; x_wconf 84' lang='grc' dir='ltr'>&lt;θῖ&gt;</span> <span class='ocrx_word' id='word_1_23' title='bbox 219 504 477 562; x_wconf 80' lang='lat' dir='ltr'>communicantes.</span> <span class='ocrx_word' id='word_1_24' title='bbox 528 500 569 560; x_wconf 79' lang='lat' dir='ltr'>lit</span> <span class='ocrx_word' id='word_1_25' title='bbox 594 502 687 561; x_wconf 88' lang='lat' dir='ltr'>etiam</span> <span class='ocrx_word' id='word_1_26' title='bbox 713 501 867 578; x_wconf 76' lang='lat' dir='ltr'>proportio</span> <span class='ocrx_word' id='word_1_27' title='bbox 894 503 936 561; x_wconf 78' lang='lat' dir='ltr'>de</span> <span class='ocrx_word' id='word_1_28' title='bbox 962 501 1003 559; x_wconf 89' lang='lat' dir='ltr'>ad</span> <span class='ocrx_word' id='word_1_29' title='bbox 1030 519 1071 562; x_wconf 78' lang='lat' dir='ltr'>ea</span> <span class='ocrx_word' id='word_1_30' title='bbox 1095 506 1142 562; x_wconf 89' lang='lat' dir='ltr'>est</span> 
     </span>
     <span class='ocr_line' id='line_1_5' title="bbox 118 587 1141 671; baseline 0 -21"><span class='ocrx_word' id='word_1_31' title='bbox 118 594 197 651; x_wconf 85' lang='lat' dir='ltr'>sicut</span> <span class='ocrx_word' id='word_1_32' title='bbox 218 593 372 668; x_wconf 76' lang='lat' dir='ltr'>proportio</span> <span class='ocrx_word' id='word_1_33' title='bbox 395 590 535 666; x_wconf 89' lang='lat' dir='ltr'>quadrati</span> <span class='ocrx_word' id='word_1_34' title='bbox 560 593 602 650; x_wconf 86' lang='lat' dir='ltr'>ba</span> <span class='ocrx_word' id='word_1_35' title='bbox 624 591 663 649; x_wconf 88' lang='lat' dir='ltr'>ad</span> <span class='ocrx_word' id='word_1_36' title='bbox 686 589 868 666; x_wconf 81' lang='lat' dir='ltr'>quadratum</span> <span class='ocrx_word' id='word_1_37' title='bbox 891 591 938 664; x_wconf 73' lang='lat' dir='ltr'>ty.</span> <span class='ocrx_word' id='word_1_38' title='bbox 982 589 1043 651; x_wconf 85' lang='lat' dir='ltr'>Sed</span> <span class='ocrx_word' id='word_1_39' title='bbox 1068 587 1141 671; x_wconf 82' lang='lat' dir='ltr'>(si)</span> 
     </span>
     <span class='ocr_line' id='line_1_6' title="bbox 92 677 1139 755; baseline 0.005 -20"><span class='ocrx_word' id='word_1_40' title='bbox 92 682 364 755; x_wconf 81' lang='lat' dir='ltr'>soonverten&#39;mus,</span> <span class='ocrx_word' id='word_1_41' title='bbox 396 680 455 737; x_wconf 87' lang='lat' dir='ltr'>erit</span> <span class='ocrx_word' id='word_1_42' title='bbox 484 679 638 755; x_wconf 83' lang='lat' dir='ltr'>proportio</span> <span class='ocrx_word' id='word_1_43' title='bbox 671 681 711 738; x_wconf 78' lang='lat' dir='ltr'>da</span> <span class='ocrx_word' id='word_1_44' title='bbox 738 677 777 738; x_wconf 86' lang='lat' dir='ltr'>ad</span> <span class='ocrx_word' id='word_1_45' title='bbox 804 681 845 739; x_wconf 85' lang='lat' dir='ltr'>de</span> <span class='ocrx_word' id='word_1_46' title='bbox 869 679 950 738; x_wconf 79' lang='lat' dir='ltr'>sicut</span> <span class='ocrx_word' id='word_1_47' title='bbox 976 682 1139 755; x_wconf 75' lang='lat' dir='ltr'>proportio</span> 
     </span>
     <span class='ocr_line' id='line_1_7' title="bbox 118 768 1138 849; baseline 0 -22"><span class='ocrx_word' id='word_1_48' title='bbox 118 769 260 845; x_wconf 84' lang='lat' dir='ltr'>quadrati</span> <span class='ocrx_word' id='word_1_49' title='bbox 283 771 325 827; x_wconf 86' lang='lat' dir='ltr'>ba</span> <span class='ocrx_word' id='word_1_50' title='bbox 347 768 387 827; x_wconf 82' lang='lat' dir='ltr'>ud</span> <span class='ocrx_word' id='word_1_51' title='bbox 402 768 585 844; x_wconf 85' lang='lat' dir='ltr'>quadratum</span> <span class='ocrx_word' id='word_1_52' title='bbox 601 787 657 843; x_wconf 75' lang='lat' dir='ltr'>ap,</span> <span class='ocrx_word' id='word_1_53' title='bbox 677 771 708 826; x_wconf 86' lang='lat' dir='ltr'>et</span> <span class='ocrx_word' id='word_1_54' title='bbox 724 769 878 844; x_wconf 87' lang='lat' dir='ltr'>proportio</span> <span class='ocrx_word' id='word_1_55' title='bbox 896 769 944 849; x_wconf 16' lang='lat' dir='ltr'>td·</span> <span class='ocrx_word' id='word_1_56' title='bbox 954 768 997 826; x_wconf 85' lang='lat' dir='ltr'>ad</span> <span class='ocrx_word' id='word_1_57' title='bbox 1014 769 1058 827; x_wconf 88' lang='lat' dir='ltr'>de</span> <span class='ocrx_word' id='word_1_58' title='bbox 1077 788 1138 829; x_wconf 85' lang='lat' dir='ltr'>nou</span> 
     </span>
     <span class='ocr_line' id='line_1_8' title="bbox 118 857 1137 934; baseline 0.001 -18"><span class='ocrx_word' id='word_1_59' title='bbox 118 863 164 916; x_wconf 87' lang='lat' dir='ltr'>est</span> <span class='ocrx_word' id='word_1_60' title='bbox 185 860 265 917; x_wconf 87' lang='lat' dir='ltr'>siout</span> <span class='ocrx_word' id='word_1_61' title='bbox 286 859 440 934; x_wconf 75' lang='lat' dir='ltr'>proportio</span> <span class='ocrx_word' id='word_1_62' title='bbox 464 857 580 916; x_wconf 86' lang='lat' dir='ltr'>numeri</span> <span class='ocrx_word' id='word_1_63' title='bbox 597 857 740 933; x_wconf 76' lang='lat' dir='ltr'>quadrati</span> <span class='ocrx_word' id='word_1_64' title='bbox 762 857 979 916; x_wconf 85' lang='lat' dir='ltr'>adnumerum</span> <span class='ocrx_word' id='word_1_65' title='bbox 1004 858 1137 933; x_wconf 72' lang='lat' dir='ltr'>quadra»</span> 
     </span>
     <span class='ocr_line' id='line_1_9' title="bbox 118 943 1138 1023; baseline 0 -19"><span class='ocrx_word' id='word_1_66' title='bbox 118 951 196 1005; x_wconf 87' lang='lat' dir='ltr'>tum:</span> <span class='ocrx_word' id='word_1_67' title='bbox 215 962 286 1023; x_wconf 84' lang='lat' dir='ltr'>ergo</span> <span class='ocrx_word' id='word_1_68' title='bbox 305 948 347 1006; x_wconf 87' lang='lat' dir='ltr'>ba</span> <span class='ocrx_word' id='word_1_69' title='bbox 365 947 534 1023; x_wconf 87' lang='lat' dir='ltr'>seiungitur</span> <span class='ocrx_word' id='word_1_70' title='bbox 552 964 593 1020; x_wconf 72' lang='lat' dir='ltr'>ap</span> <span class='ocrx_word' id='word_1_71' title='bbox 611 947 643 1005; x_wconf 81' lang='lat' dir='ltr'>in</span> <span class='ocrx_word' id='word_1_72' title='bbox 660 946 856 1023; x_wconf 71' lang='lat' dir='ltr'>longitudino.</span> <span class='ocrx_word' id='word_1_73' title='bbox 893 943 952 1004; x_wconf 79' lang='lat' dir='ltr'>Sed</span> <span class='ocrx_word' id='word_1_74' title='bbox 971 947 1015 1004; x_wconf 83' lang='lat' dir='ltr'>ab</span> <span class='ocrx_word' id='word_1_75' title='bbox 1032 950 1138 1022; x_wconf 77' lang='lat' dir='ltr'>potest</span> 
     </span>
     <span class='ocr_line' id='line_1_10' title="bbox 118 1035 1137 1113; baseline 0.002 -20"><span class='ocrx_word' id='word_1_76' title='bbox 118 1053 210 1111; x_wconf 86' lang='lat' dir='ltr'>supra</span> <span class='ocrx_word' id='word_1_77' title='bbox 230 1037 271 1109; x_wconf 73' lang='lat' dir='ltr'>ip</span> <span class='ocrx_word' id='word_1_78' title='bbox 290 1035 453 1095; x_wconf 84' lang='lat' dir='ltr'>secundum</span> <span class='ocrx_word' id='word_1_79' title='bbox 471 1038 665 1113; x_wconf 77' lang='lat' dir='ltr'>augmentum</span> <span class='ocrx_word' id='word_1_80' title='bbox 683 1035 896 1111; x_wconf 67' lang='lat' dir='ltr'>quadrariae:</span> <span class='ocrx_word' id='word_1_81' title='bbox 917 1051 991 1111; x_wconf 82' lang='lat' dir='ltr'>ergo</span> <span class='ocrx_word' id='word_1_82' title='bbox 1009 1036 1054 1094; x_wconf 87' lang='lat' dir='ltr'>ab</span> <span class='ocrx_word' id='word_1_83' title='bbox 1075 1037 1137 1095; x_wconf 73' lang='lat' dir='ltr'>iarn</span> 
     </span>
     <span class='ocr_line' id='line_1_11' title="bbox 78 1123 1137 1200; baseline 0.005 -22"><span class='ocrx_word' id='word_1_84' title='bbox 78 1138 104 1178; x_wconf 82' lang='lat' dir='ltr'>ro</span> <span class='ocrx_word' id='word_1_85' title='bbox 116 1128 217 1200; x_wconf 85' lang='lat' dir='ltr'>potest</span> <span class='ocrx_word' id='word_1_86' title='bbox 243 1143 335 1200; x_wconf 88' lang='lat' dir='ltr'>supra</span> <span class='ocrx_word' id='word_1_87' title='bbox 358 1127 397 1200; x_wconf 67' lang='lat' dir='ltr'>by</span> <span class='ocrx_word' id='word_1_88' title='bbox 420 1125 582 1184; x_wconf 83' lang='lat' dir='ltr'>seeundum</span> <span class='ocrx_word' id='word_1_89' title='bbox 606 1127 800 1200; x_wconf 78' lang='lat' dir='ltr'><strong>augmentum</strong></span> <span class='ocrx_word' id='word_1_90' title='bbox 823 1123 962 1200; x_wconf 80' lang='lat' dir='ltr'>quadrati</span> <span class='ocrx_word' id='word_1_91' title='bbox 984 1124 1066 1182; x_wconf 84' lang='lat' dir='ltr'>lineo</span> <span class='ocrx_word' id='word_1_92' title='bbox 1092 1125 1137 1183; x_wconf 88' lang='lat' dir='ltr'>in·</span> 
     </span>
     <span class='ocr_line' id='line_1_12' title="bbox 118 1213 1136 1290; baseline 0.003 -20"><span class='ocrx_word' id='word_1_93' title='bbox 118 1214 362 1274; x_wconf 86' lang='lat' dir='ltr'>communicantis</span> <span class='ocrx_word' id='word_1_94' title='bbox 395 1214 452 1273; x_wconf 85' lang='lat' dir='ltr'>sibi</span> <span class='ocrx_word' id='word_1_95' title='bbox 484 1215 515 1271; x_wconf 89' lang='lat' dir='ltr'>in</span> <span class='ocrx_word' id='word_1_96' title='bbox 546 1213 748 1290; x_wconf 78' lang='lat' dir='ltr'>longitudine,</span> <span class='ocrx_word' id='word_1_97' title='bbox 780 1217 811 1272; x_wconf 89' lang='lat' dir='ltr'>et</span> <span class='ocrx_word' id='word_1_98' title='bbox 842 1215 896 1288; x_wconf 84' lang='lat' dir='ltr'>ab,</span> <span class='ocrx_word' id='word_1_99' title='bbox 925 1214 964 1286; x_wconf 74' lang='lat' dir='ltr'>by</span> <span class='ocrx_word' id='word_1_100' title='bbox 996 1216 1071 1272; x_wconf 87' lang='lat' dir='ltr'>sunt</span> <span class='ocrx_word' id='word_1_101' title='bbox 1104 1216 1136 1273; x_wconf 92' lang='lat' dir='ltr'>in</span> 
     </span>
     <span class='ocr_line' id='line_1_13' title="bbox 117 1296 1137 1380; baseline 0.003 -20"><span class='ocrx_word' id='word_1_102' title='bbox 117 1304 252 1378; x_wconf 89' lang='lat' dir='ltr'>potentia</span> <span class='ocrx_word' id='word_1_103' title='bbox 278 1307 397 1362; x_wconf 91' lang='lat' dir='ltr'>tantum</span> <span class='ocrx_word' id='word_1_104' title='bbox 424 1303 585 1361; x_wconf 78' lang='lat' dir='ltr'>rationales</span> <span class='ocrx_word' id='word_1_105' title='bbox 609 1296 681 1380; x_wconf 84' lang='grc' dir='ltr'>&lt;θῖ&gt;</span> <span class='ocrx_word' id='word_1_106' title='bbox 705 1302 966 1375; x_wconf 59' lang='lat' dir='ltr'>communicantem</span> <span class='ocrx_word' id='word_1_107' title='bbox 996 1304 1027 1360; x_wconf 88' lang='lat' dir='ltr'>et</span> <span class='ocrx_word' id='word_1_108' title='bbox 1055 1303 1137 1362; x_wconf 90' lang='lat' dir='ltr'>illud</span> 
     </span>
     <span class='ocr_line' id='line_1_14' title="bbox 117 1391 684 1467; baseline 0 -18"><span class='ocrx_word' id='word_1_109' title='bbox 117 1395 174 1466; x_wconf 85' lang='lat' dir='ltr'>est,</span> <span class='ocrx_word' id='word_1_110' title='bbox 198 1391 278 1467; x_wconf 93' lang='lat' dir='ltr'>quod</span> <span class='ocrx_word' id='word_1_111' title='bbox 301 1393 502 1451; x_wconf 89' lang='lat' dir='ltr'>demonstrare</span> <span class='ocrx_word' id='word_1_112' title='bbox 525 1391 684 1450; x_wconf 79' lang='lat' dir='ltr'>voluimus.</span> 
     </span>
     <span class='ocr_line' id='line_1_15' title="bbox 206 1473 616 1560; baseline -0.005 -21"><span class='ocrx_word' id='word_1_113' title='bbox 206 1479 378 1539; x_wconf 86' lang='lat' dir='ltr'>Octavum</span> <span class='ocrx_word' id='word_1_114' title='bbox 402 1473 616 1560; x_wconf 84' lang='lat' dir='ltr'>decimum.¹)</span> 
     </span>
    </p>

    <p class='ocr_par' dir='ltr' id='par_1_3' title="bbox 77 1566 1138 1982">
     <span class='ocr_line' id='line_1_16' title="bbox 77 1566 1136 1644; baseline 0.008 -22"><span class='ocrx_word' id='word_1_115' title='bbox 77 1581 102 1622; x_wconf 85' lang='lat'>15</span> <span class='ocrx_word' id='word_1_116' title='bbox 206 1567 327 1628; x_wconf 87' lang='lat' dir='ltr'>Omnis</span> <span class='ocrx_word' id='word_1_117' title='bbox 359 1569 574 1644; x_wconf 83' lang='lat' dir='ltr'>superficies</span> <span class='ocrx_word' id='word_1_118' title='bbox 607 1571 777 1627; x_wconf 89' lang='lat' dir='ltr'>contenta</span> <span class='ocrx_word' id='word_1_119' title='bbox 804 1587 823 1625; x_wconf 91' lang='lat' dir='ltr'>a</span> <span class='ocrx_word' id='word_1_120' title='bbox 852 1566 990 1626; x_wconf 88' lang='lat' dir='ltr'>duabus</span> <span class='ocrx_word' id='word_1_121' title='bbox 1019 1567 1136 1632; x_wconf 89' lang='lat' dir='ltr'>lineis</span> 
     </span>
     <span class='ocr_line' id='line_1_17' title="bbox 115 1651 1136 1734; baseline 0.003 -19"><span class='ocrx_word' id='word_1_122' title='bbox 115 1657 151 1715; x_wconf 90' lang='lat' dir='ltr'>in</span> <span class='ocrx_word' id='word_1_123' title='bbox 182 1659 349 1734; x_wconf 88' lang='lat' dir='ltr'>potentia</span> <span class='ocrx_word' id='word_1_124' title='bbox 380 1661 521 1716; x_wconf 90' lang='lat' dir='ltr'>tantum</span> <span class='ocrx_word' id='word_1_125' title='bbox 547 1655 793 1716; x_wconf 84' lang='lat' dir='ltr'>rationalibus</span> <span class='ocrx_word' id='word_1_126' title='bbox 820 1651 906 1734; x_wconf 84' lang='lat' dir='ltr'>&lt;et&gt;</span> <span class='ocrx_word' id='word_1_127' title='bbox 933 1662 1136 1719; x_wconf 87' lang='lat' dir='ltr'>communi-</span> 
     </span>
     <span class='ocr_line' id='line_1_18' title="bbox 115 1745 1137 1819; baseline 0.005 -15"><span class='ocrx_word' id='word_1_128' title='bbox 115 1747 281 1805; x_wconf 91' lang='lat' dir='ltr'>cantibus</span> <span class='ocrx_word' id='word_1_129' title='bbox 310 1750 364 1804; x_wconf 97' lang='grc' dir='ltr'>θεῖ</span> <span class='ocrx_word' id='word_1_130' title='bbox 392 1745 500 1804; x_wconf 88' lang='lat' dir='ltr'>surda</span> <span class='ocrx_word' id='word_1_131' title='bbox 527 1749 562 1803; x_wconf 91' lang='lat' dir='ltr'>et</span> <span class='ocrx_word' id='word_1_132' title='bbox 584 1747 737 1803; x_wconf 86' lang='lat' dir='ltr'>vocatur</span> <span class='ocrx_word' id='word_1_133' title='bbox 763 1745 943 1819; x_wconf 80' lang='lat' dir='ltr'>medialis3</span> <span class='ocrx_word' id='word_1_134' title='bbox 972 1750 1008 1804; x_wconf 90' lang='lat' dir='ltr'>et</span> <span class='ocrx_word' id='word_1_135' title='bbox 1031 1748 1137 1809; x_wconf 88' lang='lat' dir='ltr'>linea</span> 
     </span>
     <span class='ocr_line' id='line_1_19' title="bbox 114 1834 1138 1911; baseline 0.005 -18"><span class='ocrx_word' id='word_1_136' title='bbox 114 1840 241 1911; x_wconf 89' lang='lat' dir='ltr'>potens</span> <span class='ocrx_word' id='word_1_137' title='bbox 269 1853 378 1910; x_wconf 91' lang='lat' dir='ltr'>supra</span> <span class='ocrx_word' id='word_1_138' title='bbox 405 1854 480 1892; x_wconf 86' lang='lat' dir='ltr'>eam</span> <span class='ocrx_word' id='word_1_139' title='bbox 508 1835 617 1892; x_wconf 86' lang='lat' dir='ltr'>etiam</span> <span class='ocrx_word' id='word_1_140' title='bbox 645 1836 699 1892; x_wconf 88' lang='grc' dir='ltr'>θεῖ</span> <span class='ocrx_word' id='word_1_141' title='bbox 722 1834 833 1892; x_wconf 88' lang='lat' dir='ltr'>surda</span> <span class='ocrx_word' id='word_1_142' title='bbox 860 1838 895 1893; x_wconf 90' lang='lat' dir='ltr'>et</span> <span class='ocrx_word' id='word_1_143' title='bbox 917 1837 1138 1898; x_wconf 86' lang='lat' dir='ltr'>nominatur</span> 
     </span>
     <span class='ocr_line' id='line_1_20' title="bbox 113 1924 286 1982; baseline 0 -2"><span class='ocrx_word' id='word_1_144' title='bbox 113 1924 286 1982; x_wconf 88' lang='lat' dir='ltr'>medialis.</span> 
     </span>
    </p>

    <p class='ocr_par' dir='ltr' id='par_1_4' title="bbox 73 2010 1135 2444">
     <span class='ocr_line' id='line_1_21' title="bbox 73 2010 1135 2088; baseline 0.011 -24"><span class='ocrx_word' id='word_1_145' title='bbox 73 2027 100 2065; x_wconf 80' lang='lat' dir='ltr'>ro</span> <span class='ocrx_word' id='word_1_146' title='bbox 202 2010 293 2068; x_wconf 89' lang='lat' dir='ltr'>Verbi</span> <span class='ocrx_word' id='word_1_147' title='bbox 323 2011 424 2088; x_wconf 83' lang='lat' dir='ltr'>gratia</span> <span class='ocrx_word' id='word_1_148' title='bbox 455 2012 495 2070; x_wconf 89' lang='lat' dir='ltr'>sit</span> <span class='ocrx_word' id='word_1_149' title='bbox 526 2011 695 2086; x_wconf 82' lang='lat' dir='ltr'>superficies</span> <span class='ocrx_word' id='word_1_150' title='bbox 729 2013 768 2086; x_wconf 67' lang='grc' dir='ltr'>ὁρ</span> <span class='ocrx_word' id='word_1_151' title='bbox 796 2015 935 2071; x_wconf 88' lang='lat' dir='ltr'>contenta</span> <span class='ocrx_word' id='word_1_152' title='bbox 963 2031 981 2070; x_wconf 88' lang='lat' dir='ltr'>a</span> <span class='ocrx_word' id='word_1_153' title='bbox 1008 2012 1135 2076; x_wconf 79' lang='lat' dir='ltr'>duabus</span> 
     </span>
     <span class='ocr_line' id='line_1_22' title="bbox 113 2095 1135 2180; baseline 0.007 -23"><span class='ocrx_word' id='word_1_154' title='bbox 113 2100 199 2158; x_wconf 85' lang='lat' dir='ltr'>lineis</span> <span class='ocrx_word' id='word_1_155' title='bbox 227 2101 258 2157; x_wconf 87' lang='lat' dir='ltr'>in</span> <span class='ocrx_word' id='word_1_156' title='bbox 285 2101 421 2176; x_wconf 88' lang='lat' dir='ltr'>potentia</span> <span class='ocrx_word' id='word_1_157' title='bbox 448 2103 566 2160; x_wconf 85' lang='lat' dir='ltr'>tantum</span> <span class='ocrx_word' id='word_1_158' title='bbox 588 2100 787 2160; x_wconf 83' lang='lat' dir='ltr'>rationalibus</span> <span class='ocrx_word' id='word_1_159' title='bbox 811 2095 883 2180; x_wconf 86' lang='grc' dir='ltr'>&lt;θῖ&gt;</span> <span class='ocrx_word' id='word_1_160' title='bbox 906 2103 1135 2164; x_wconf 78' lang='lat' dir='ltr'>communican-</span> 
     </span>
     <span class='ocr_line' id='line_1_23' title="bbox 112 2188 1135 2265; baseline 0.008 -19"><span class='ocrx_word' id='word_1_161' title='bbox 112 2188 202 2264; x_wconf 82' lang='lat' dir='ltr'>tibus,</span> <span class='ocrx_word' id='word_1_162' title='bbox 220 2208 279 2265; x_wconf 90' lang='lat' dir='ltr'>que</span> <span class='ocrx_word' id='word_1_163' title='bbox 298 2189 359 2248; x_wconf 90' lang='lat' dir='ltr'>sint</span> <span class='ocrx_word' id='word_1_164' title='bbox 372 2191 415 2249; x_wconf 85' lang='lat' dir='ltr'>ba</span> <span class='ocrx_word' id='word_1_165' title='bbox 429 2193 459 2248; x_wconf 88' lang='lat' dir='ltr'>et</span> <span class='ocrx_word' id='word_1_166' title='bbox 473 2208 524 2264; x_wconf 69' lang='lat' dir='ltr'>aa,</span> <span class='ocrx_word' id='word_1_167' title='bbox 543 2192 573 2248; x_wconf 87' lang='lat' dir='ltr'>et</span> <span class='ocrx_word' id='word_1_168' title='bbox 591 2190 652 2249; x_wconf 83' lang='lat' dir='ltr'>siut</span> <span class='ocrx_word' id='word_1_169' title='bbox 668 2190 754 2248; x_wconf 83' lang='lat' dir='ltr'>radix</span> <span class='ocrx_word' id='word_1_170' title='bbox 772 2190 873 2248; x_wconf 85' lang='lat' dir='ltr'>decem</span> <span class='ocrx_word' id='word_1_171' title='bbox 897 2193 927 2248; x_wconf 89' lang='lat' dir='ltr'>et</span> <span class='ocrx_word' id='word_1_172' title='bbox 944 2189 1031 2248; x_wconf 83' lang='lat' dir='ltr'>radix</span> <span class='ocrx_word' id='word_1_173' title='bbox 1046 2197 1135 2254; x_wconf 85' lang='lat' dir='ltr'>octo:</span> 
     </span>
     <span class='ocr_line' id='line_1_24' title="bbox 113 2276 1134 2355; baseline 0.007 -20"><span class='ocrx_word' id='word_1_174' title='bbox 113 2276 178 2336; x_wconf 88' lang='lat' dir='ltr'>dico</span> <span class='ocrx_word' id='word_1_175' title='bbox 192 2279 295 2354; x_wconf 76' lang='lat' dir='ltr'>igitur,</span> <span class='ocrx_word' id='word_1_176' title='bbox 309 2277 390 2355; x_wconf 91' lang='lat' dir='ltr'>quod</span> <span class='ocrx_word' id='word_1_177' title='bbox 403 2278 574 2355; x_wconf 83' lang='lat' dir='ltr'>superficies</span> <span class='ocrx_word' id='word_1_178' title='bbox 589 2280 628 2352; x_wconf 74' lang='lat' dir='ltr'>by</span> <span class='ocrx_word' id='word_1_179' title='bbox 641 2282 688 2338; x_wconf 90' lang='lat' dir='ltr'>est</span> <span class='ocrx_word' id='word_1_180' title='bbox 701 2279 793 2338; x_wconf 82' lang='lat' dir='ltr'>surda</span> <span class='ocrx_word' id='word_1_181' title='bbox 807 2282 837 2336; x_wconf 88' lang='lat' dir='ltr'>et</span> <span class='ocrx_word' id='word_1_182' title='bbox 850 2279 938 2353; x_wconf 79' lang='lat' dir='ltr'>linea,</span> <span class='ocrx_word' id='word_1_183' title='bbox 953 2297 1009 2354; x_wconf 87' lang='lat' dir='ltr'>que</span> <span class='ocrx_word' id='word_1_184' title='bbox 1023 2285 1134 2354; x_wconf 88' lang='lat' dir='ltr'>potest</span> 
     </span>
     <span class='ocr_line' id='line_1_25' title="bbox 112 2367 1133 2444; baseline 0.006 -20"><span class='ocrx_word' id='word_1_185' title='bbox 112 2384 203 2442; x_wconf 88' lang='lat' dir='ltr'>supra</span> <span class='ocrx_word' id='word_1_186' title='bbox 217 2386 290 2444; x_wconf 83' lang='lat' dir='ltr'>eam,</span> <span class='ocrx_word' id='word_1_187' title='bbox 301 2371 346 2426; x_wconf 89' lang='lat' dir='ltr'>est</span> <span class='ocrx_word' id='word_1_188' title='bbox 360 2368 450 2426; x_wconf 87' lang='lat' dir='ltr'>surda</span> <span class='ocrx_word' id='word_1_189' title='bbox 463 2371 494 2427; x_wconf 88' lang='lat' dir='ltr'>et</span> <span class='ocrx_word' id='word_1_190' title='bbox 508 2371 654 2427; x_wconf 84' lang='lat' dir='ltr'>vocantur</span> <span class='ocrx_word' id='word_1_191' title='bbox 668 2367 837 2444; x_wconf 85' lang='lat' dir='ltr'>superficies</span> <span class='ocrx_word' id='word_1_192' title='bbox 851 2367 988 2427; x_wconf 86' lang='lat' dir='ltr'>medialis</span> <span class='ocrx_word' id='word_1_193' title='bbox 1003 2370 1035 2426; x_wconf 92' lang='lat' dir='ltr'>et</span> <span class='ocrx_word' id='word_1_194' title='bbox 1044 2369 1133 2430; x_wconf 73' lang='lat' dir='ltr'>linea</span> 
     </span>
    </p>

    <p class='ocr_par' dir='ltr' id='par_1_5' title="bbox 72 2455 1133 2890">
     <span class='ocr_line' id='line_1_26' title="bbox 72 2455 1131 2535; baseline 0.008 -25"><span class='ocrx_word' id='word_1_195' title='bbox 72 2455 256 2532; x_wconf 70' lang='lat' dir='ltr'>remedialis,</span> <span class='ocrx_word' id='word_1_196' title='bbox 280 2457 360 2532; x_wconf 90' lang='lat' dir='ltr'>quod</span> <span class='ocrx_word' id='word_1_197' title='bbox 383 2457 425 2517; x_wconf 90' lang='lat' dir='ltr'>sic</span> <span class='ocrx_word' id='word_1_198' title='bbox 447 2457 600 2533; x_wconf 91' lang='lat' dir='ltr'>probatur.</span> <span class='ocrx_word' id='word_1_199' title='bbox 637 2457 758 2516; x_wconf 80' lang='lat' dir='ltr'>Faciam</span> <span class='ocrx_word' id='word_1_200' title='bbox 781 2457 860 2515; x_wconf 87' lang='lat' dir='ltr'>enim</span> <span class='ocrx_word' id='word_1_201' title='bbox 878 2475 970 2532; x_wconf 85' lang='lat' dir='ltr'>supra</span> <span class='ocrx_word' id='word_1_202' title='bbox 989 2457 1030 2515; x_wconf 86' lang='lat' dir='ltr'>ab</span> <span class='ocrx_word' id='word_1_203' title='bbox 1052 2478 1131 2535; x_wconf 85' lang='lat' dir='ltr'>qua-</span> 
     </span>
     <span class='ocr_line' id='line_1_27' title="bbox 112 2544 1133 2623; baseline 0.006 -21"><span class='ocrx_word' id='word_1_204' title='bbox 112 2544 233 2603; x_wconf 89' lang='lat' dir='ltr'>dratum</span> <span class='ocrx_word' id='word_1_205' title='bbox 255 2546 309 2604; x_wconf 81' lang='lat' dir='ltr'>bet:</span> <span class='ocrx_word' id='word_1_206' title='bbox 333 2565 403 2623; x_wconf 81' lang='lat' dir='ltr'>ergo</span> <span class='ocrx_word' id='word_1_207' title='bbox 428 2548 469 2605; x_wconf 84' lang='lat' dir='ltr'>bd</span> <span class='ocrx_word' id='word_1_208' title='bbox 492 2549 538 2605; x_wconf 91' lang='lat' dir='ltr'>est</span> <span class='ocrx_word' id='word_1_209' title='bbox 555 2546 718 2606; x_wconf 89' lang='lat' dir='ltr'>rationalis.</span> <span class='ocrx_word' id='word_1_210' title='bbox 756 2545 814 2605; x_wconf 82' lang='lat' dir='ltr'>Sed</span> <span class='ocrx_word' id='word_1_211' title='bbox 832 2547 874 2605; x_wconf 84' lang='lat' dir='ltr'>ba</span> <span class='ocrx_word' id='word_1_212' title='bbox 892 2546 1133 2608; x_wconf 85' lang='lat' dir='ltr'>incommunicat</span> 
     </span>
     <span class='ocr_line' id='line_1_28' title="bbox 110 2634 1131 2712; baseline 0.004 -20"><span class='ocrx_word' id='word_1_213' title='bbox 110 2651 154 2707; x_wconf 72' lang='lat' dir='ltr'>ap</span> <span class='ocrx_word' id='word_1_214' title='bbox 176 2635 207 2690; x_wconf 91' lang='lat' dir='ltr'>in</span> <span class='ocrx_word' id='word_1_215' title='bbox 230 2634 425 2712; x_wconf 83' lang='lat' dir='ltr'>longitudine,</span> <span class='ocrx_word' id='word_1_216' title='bbox 449 2638 479 2693; x_wconf 90' lang='lat' dir='ltr'>et</span> <span class='ocrx_word' id='word_1_217' title='bbox 502 2636 543 2693; x_wconf 86' lang='lat' dir='ltr'>ba</span> <span class='ocrx_word' id='word_1_218' title='bbox 566 2637 611 2692; x_wconf 90' lang='lat' dir='ltr'>est</span> <span class='ocrx_word' id='word_1_219' title='bbox 634 2635 749 2710; x_wconf 82' lang='lat' dir='ltr'>equalis</span> <span class='ocrx_word' id='word_1_220' title='bbox 770 2636 829 2710; x_wconf 86' lang='lat' dir='ltr'>ad,</span> <span class='ocrx_word' id='word_1_221' title='bbox 853 2653 922 2712; x_wconf 80' lang='lat' dir='ltr'>ergo</span> <span class='ocrx_word' id='word_1_222' title='bbox 947 2635 992 2693; x_wconf 85' lang='lat' dir='ltr'>ad</span> <span class='ocrx_word' id='word_1_223' title='bbox 1015 2639 1063 2694; x_wconf 87' lang='grc' dir='ltr'>θεῖ</span> <span class='ocrx_word' id='word_1_224' title='bbox 1082 2639 1131 2696; x_wconf 88' lang='lat' dir='ltr'>in·</span> 
     </span>
     <span class='ocr_line' id='line_1_29' title="bbox 112 2722 1130 2800; baseline 0.005 -20"><span class='ocrx_word' id='word_1_225' title='bbox 112 2725 331 2783; x_wconf 86' lang='lat' dir='ltr'>communicans</span> <span class='ocrx_word' id='word_1_226' title='bbox 360 2743 401 2798; x_wconf 75' lang='lat' dir='ltr'>ap</span> <span class='ocrx_word' id='word_1_227' title='bbox 428 2724 459 2781; x_wconf 88' lang='lat' dir='ltr'>in</span> <span class='ocrx_word' id='word_1_228' title='bbox 486 2723 681 2800; x_wconf 80' lang='lat' dir='ltr'>longitudine.</span> <span class='ocrx_word' id='word_1_229' title='bbox 732 2722 790 2781; x_wconf 80' lang='lat' dir='ltr'>Sed</span> <span class='ocrx_word' id='word_1_230' title='bbox 814 2723 982 2799; x_wconf 84' lang='lat' dir='ltr'>superficies</span> <span class='ocrx_word' id='word_1_231' title='bbox 1012 2725 1056 2783; x_wconf 82' lang='lat' dir='ltr'>bd</span> <span class='ocrx_word' id='word_1_232' title='bbox 1081 2745 1130 2785; x_wconf 89' lang='lat' dir='ltr'>se·</span> 
     </span>
     <span class='ocr_line' id='line_1_30' title="bbox 111 2810 1130 2890; baseline 0.007 -22"><span class='ocrx_word' id='word_1_233' title='bbox 111 2810 247 2888; x_wconf 82' lang='lat' dir='ltr'>iungitur</span> <span class='ocrx_word' id='word_1_234' title='bbox 269 2812 432 2888; x_wconf 87' lang='lat' dir='ltr'>superficiei</span> <span class='ocrx_word' id='word_1_235' title='bbox 458 2814 510 2886; x_wconf 73' lang='lat' dir='ltr'>ba,</span> <span class='ocrx_word' id='word_1_236' title='bbox 538 2815 568 2870; x_wconf 91' lang='lat' dir='ltr'>et</span> <span class='ocrx_word' id='word_1_237' title='bbox 591 2813 632 2870; x_wconf 84' lang='lat' dir='ltr'>bd</span> <span class='ocrx_word' id='word_1_238' title='bbox 655 2814 700 2870; x_wconf 90' lang='lat' dir='ltr'>est</span> <span class='ocrx_word' id='word_1_239' title='bbox 722 2812 890 2872; x_wconf 81' lang='lat' dir='ltr'>rationalis:</span> <span class='ocrx_word' id='word_1_240' title='bbox 919 2831 989 2890; x_wconf 84' lang='lat' dir='ltr'>ergo</span> <span class='ocrx_word' id='word_1_241' title='bbox 1014 2813 1055 2886; x_wconf 70' lang='lat' dir='ltr'>aa</span> <span class='ocrx_word' id='word_1_242' title='bbox 1080 2820 1130 2875; x_wconf 87' lang='grc' dir='ltr'>θεῖ</span> 
     </span>
    </p>

    <p class='ocr_par' dir='ltr' id='par_1_6' title="bbox 70 2896 1130 2979">
     <span class='ocr_line' id='line_1_31' title="bbox 70 2896 1130 2979; baseline 0.009 -25"><span class='ocrx_word' id='word_1_243' title='bbox 70 2913 97 2954; x_wconf 73' lang='lat' dir='ltr'>ao</span> <span class='ocrx_word' id='word_1_244' title='bbox 111 2900 214 2975; x_wconf 84' lang='lat' dir='ltr'>surda,</span> <span class='ocrx_word' id='word_1_245' title='bbox 241 2904 273 2959; x_wconf 87' lang='lat' dir='ltr'>et</span> <span class='ocrx_word' id='word_1_246' title='bbox 294 2906 399 2978; x_wconf 84' lang='lat' dir='ltr'>potens</span> <span class='ocrx_word' id='word_1_247' title='bbox 427 2920 517 2978; x_wconf 88' lang='lat' dir='ltr'>supra</span> <span class='ocrx_word' id='word_1_248' title='bbox 545 2919 610 2959; x_wconf 89' lang='lat' dir='ltr'>eam</span> <span class='ocrx_word' id='word_1_249' title='bbox 639 2904 684 2960; x_wconf 90' lang='grc' dir='ltr'>θεῖ</span> <span class='ocrx_word' id='word_1_250' title='bbox 711 2896 851 2979; x_wconf 76' lang='lat' dir='ltr'>(surda),</span> <span class='ocrx_word' id='word_1_251' title='bbox 880 2919 949 2978; x_wconf 82' lang='lat' dir='ltr'>ergo</span> <span class='ocrx_word' id='word_1_252' title='bbox 976 2907 1130 2964; x_wconf 78' lang='lat' dir='ltr'>vocantur</span> 
     </span>
    </p>
   </div>
   <div class='ocr_carea' id='block_1_3' title="bbox 111 3015 324 3022">
    <p class='ocr_par' dir='ltr' id='par_1_7' title="bbox 111 3015 324 3022">
     <span class='ocr_line' id='line_1_32' title="bbox 111 3015 324 3022; baseline 0.009 -2"><span class='ocrx_word' id='word_1_253' title='bbox 111 3015 324 3022; x_wconf 75' lang='lat'><em>....—-.--.-—-</em></span> 
     </span>
    </p>
   </div>
   <div class='ocr_carea' id='block_1_4' title="bbox 181 3069 1058 3140">
    <p class='ocr_par' dir='ltr' id='par_1_8' title="bbox 181 3069 1058 3140">
     <span class='ocr_line' id='line_1_33' title="bbox 181 3069 1058 3140; baseline 0.003 -19"><span class='ocrx_word' id='word_1_254' title='bbox 181 3075 223 3124; x_wconf 84' lang='lat'>30.</span> <span class='ocrx_word' id='word_1_255' title='bbox 243 3069 301 3124; x_wconf 85' lang='lat' dir='ltr'>Pro</span> <span class='ocrx_word' id='word_1_256' title='bbox 319 3070 403 3124; x_wconf 86' lang='lat' dir='ltr'>surda</span> <span class='ocrx_word' id='word_1_257' title='bbox 420 3072 452 3125; x_wconf 83' lang='lat' dir='ltr'>ia</span> <span class='ocrx_word' id='word_1_258' title='bbox 469 3070 587 3126; x_wconf 74' lang='lat' dir='ltr'>aeacida</span> <span class='ocrx_word' id='word_1_259' title='bbox 605 3072 661 3126; x_wconf 86' lang='lat' dir='ltr'>loco</span> <span class='ocrx_word' id='word_1_260' title='bbox 680 3069 806 3140; x_wconf 80' lang='lat' dir='ltr'>Mscptm.</span> <span class='ocrx_word' id='word_1_261' title='bbox 827 3070 954 3125; x_wconf 84' lang='lat' dir='ltr'>lacuaam</span> <span class='ocrx_word' id='word_1_262' title='bbox 971 3069 1058 3126; x_wconf 78' lang='lat' dir='ltr'>babet.</span> 
     </span>
    </p>
   </div>
   <div class='ocr_carea' id='block_1_5' title="bbox 107 3245 1128 3602">
    <p class='ocr_par' dir='ltr' id='par_1_9' title="bbox 107 3245 1128 3602">
     <span class='ocr_line' id='line_1_34' title="bbox 181 3245 1126 3321; baseline 0.002 -20"><span class='ocrx_word' id='word_1_263' title='bbox 181 3249 207 3318; x_wconf 86' lang='lat'>1)</span> <span class='ocrx_word' id='word_1_264' title='bbox 234 3245 370 3300; x_wconf 80' lang='lat' dir='ltr'>Eucnmas</span> <span class='ocrx_word' id='word_1_265' title='bbox 393 3246 430 3315; x_wconf 87' lang='lat' dir='ltr'>X,</span> <span class='ocrx_word' id='word_1_266' title='bbox 452 3254 484 3302; x_wconf 90' lang='lat'>18</span> <span class='ocrx_word' id='word_1_267' title='bbox 512 3247 664 3318; x_wconf 63' lang='lat' dir='ltr'>(emersus</span> <span class='ocrx_word' id='word_1_268' title='bbox 687 3247 725 3318; x_wconf 87' lang='lat' dir='ltr'>X,</span> <span class='ocrx_word' id='word_1_269' title='bbox 746 3253 792 3315; x_wconf 76' lang='lat'>193</span> <span class='ocrx_word' id='word_1_270' title='bbox 819 3247 986 3301; x_wconf 79' lang='lat' dir='ltr'>Hmnauorus</span> <span class='ocrx_word' id='word_1_271' title='bbox 1004 3246 1043 3317; x_wconf 83' lang='lat' dir='ltr'>X,</span> <span class='ocrx_word' id='word_1_272' title='bbox 1063 3254 1126 3321; x_wconf 73' lang='lat'>21)2</span> 
     </span>
     <span class='ocr_line' id='line_1_35' title="bbox 111 3318 1127 3387; baseline 0.004 -14"><span class='ocrx_word' id='word_1_273' title='bbox 111 3318 205 3374; x_wconf 82' lang='lat' dir='ltr'>Omaio</span> <span class='ocrx_word' id='word_1_274' title='bbox 222 3319 386 3387; x_wconf 74' lang='lat' dir='ltr'>superficies,</span> <span class='ocrx_word' id='word_1_275' title='bbox 404 3336 486 3387; x_wconf 75' lang='lat' dir='ltr'>qaam</span> <span class='ocrx_word' id='word_1_276' title='bbox 503 3321 642 3376; x_wconf 82' lang='lat' dir='ltr'>coatiaeat</span> <span class='ocrx_word' id='word_1_277' title='bbox 660 3322 713 3375; x_wconf 81' lang='lat' dir='ltr'>dae</span> <span class='ocrx_word' id='word_1_278' title='bbox 731 3320 799 3374; x_wconf 80' lang='lat' dir='ltr'>itare</span> <span class='ocrx_word' id='word_1_279' title='bbox 814 3318 999 3387; x_wconf 77' lang='lat' dir='ltr'>potentialiter</span> <span class='ocrx_word' id='word_1_280' title='bbox 1012 3325 1127 3377; x_wconf 84' lang='lat' dir='ltr'>tautam</span> 
     </span>
     <span class='ocr_line' id='line_1_36' title="bbox 107 3390 1128 3460; baseline 0.002 -18"><span class='ocrx_word' id='word_1_281' title='bbox 107 3390 257 3445; x_wconf 75' lang='lat' dir='ltr'>rationales</span> <span class='ocrx_word' id='word_1_282' title='bbox 280 3390 511 3444; x_wconf 66' lang='lat' dir='ltr'>communicantes</span> <span class='ocrx_word' id='word_1_283' title='bbox 533 3397 572 3445; x_wconf 82' lang='lat' dir='ltr'>est</span> <span class='ocrx_word' id='word_1_284' title='bbox 593 3391 766 3448; x_wconf 74' lang='lat' dir='ltr'>irmticaaiis</span> <span class='ocrx_word' id='word_1_285' title='bbox 786 3391 940 3460; x_wconf 58' lang='lat' dir='ltr'>Mamaeae</span> <span class='ocrx_word' id='word_1_286' title='bbox 965 3392 1128 3459; x_wconf 58' lang='lat' dir='ltr'>superficies</span> 
     </span>
     <span class='ocr_line' id='line_1_37' title="bbox 108 3461 1126 3535; baseline 0.006 -22"><span class='ocrx_word' id='word_1_287' title='bbox 108 3463 241 3527; x_wconf 66' lang='lat' dir='ltr'>medalio,</span> <span class='ocrx_word' id='word_1_288' title='bbox 259 3462 367 3529; x_wconf 78' lang='lat' dir='ltr'>eiusque</span> <span class='ocrx_word' id='word_1_289' title='bbox 381 3461 453 3515; x_wconf 83' lang='lat' dir='ltr'>tatas</span> <span class='ocrx_word' id='word_1_290' title='bbox 470 3465 675 3532; x_wconf 75' lang='lat' dir='ltr'>tetrapaaicam,</span> <span class='ocrx_word' id='word_1_291' title='bbox 694 3463 794 3517; x_wconf 74' lang='lat' dir='ltr'>scilicet</span> <span class='ocrx_word' id='word_1_292' title='bbox 811 3463 883 3532; x_wconf 79' lang='lat' dir='ltr'>qaod</span> <span class='ocrx_word' id='word_1_293' title='bbox 901 3463 933 3516; x_wconf 84' lang='lat' dir='ltr'>ia</span> <span class='ocrx_word' id='word_1_294' title='bbox 951 3476 1009 3516; x_wconf 81' lang='lat' dir='ltr'>eam</span> <span class='ocrx_word' id='word_1_295' title='bbox 1023 3469 1126 3535; x_wconf 64' lang='lat' dir='ltr'>potest</span> 
     </span>
     <span class='ocr_line' id='line_1_38' title="bbox 108 3533 745 3602; baseline 0 -16"><span class='ocrx_word' id='word_1_296' title='bbox 108 3538 146 3586; x_wconf 74' lang='lat' dir='ltr'>eat</span> <span class='ocrx_word' id='word_1_297' title='bbox 163 3533 333 3599; x_wconf 77' lang='lat' dir='ltr'>irrationale,</span> <span class='ocrx_word' id='word_1_298' title='bbox 351 3533 504 3602; x_wconf 78' lang='lat' dir='ltr'>diciturque</span> <span class='ocrx_word' id='word_1_299' title='bbox 522 3534 596 3587; x_wconf 82' lang='lat' dir='ltr'>licea</span> <span class='ocrx_word' id='word_1_300' title='bbox 613 3535 745 3589; x_wconf 60' lang='lat' dir='ltr'>madiam</span> 
     </span>
    </p>
   </div>
   <div class='ocr_carea' id='block_1_6' title="bbox 0 0 1208 3848">
    <p class='ocr_par' dir='ltr' id='par_1_10' title="bbox 0 0 1208 3848">
     <span class='ocr_line' id='line_1_39' title="bbox 0 0 1208 3848; baseline 0 5"><span class='ocrx_word' id='word_1_301' title='bbox 0 0 1208 3848; x_wconf 95' lang='lat' dir='ltr'> </span> 
     </span>
    </p>
   </div>
  </div>
 </body>
</html>
