2408 3848
116 161 181 228 326
402 160 568 219 ANARITII
586 159 844 221 montereau

115 332 346 392 incommunioat
378 335 417 389 el.
468 329 526 389 Sed
557 332 708 406 portiones
740 330 803 406 ipse
834 333 906 395 sunt
938 330 975 391 in
1002 334 1139 408 potentia

115 420 276 479 rationales
300 423 330 478 θῖ
353 421 616 494 eommumoanteo,
640 437 710 496 ergo
733 421 781 495 cle,
802 423 837 480 nl
857 418 889 484 in
908 421 1054 496 potentia
1073 424 1139 481 sunt
1174 450 1176 455 ·

114 509 276 567 rationales
301 511 331 566 et
353 508 619 566 communicantes:
647 527 717 586 ergo
740 507 967 571 attestanda.
1016 508 1088 569 Sed.
1102 511 1138 571 ele

116 600 161 656 est
179 598 345 671 rationalis,
369 615 439 673 ergo
458 596 626 672 superficies
645 601 676 655 et
693 599 739 655 θεῖ
757 597 855 672 surda,
876 599 909 657 et
926 597 1014 660 lineo
1032 601 1137 675 potens

88 699 207 762 esupra
231 704 296 745 eam
319 687 364 745 θεῖ
383 684 480 744 surda.
522 685 580 745 Sed
598 687 664 761 ipsa
683 688 729 745 θεῖ
746 704 801 760 ap:
824 704 896 763 ergo
915 704 961 760 ap
979 689 1029 745 est
1047 688 1136 752 surda

116 777 147 832 et
168 777 293 833 vocatur
314 774 477 833 bimedium
499 774 668 833 seeundum
710 775 750 833 Et
773 773 957 853 superfluum
981 777 1066 835 inter
1090 795 1136 838 eas

115 865 161 922 est
184 862 314 937 surdum,
338 865 368 921 θῖ
391 866 436 922 θεῖ
457 863 608 922 residuum
630 863 790 922 bimediale
808 863 986 938 seeundum
1011 868 1045 924 et
1064 866 1138 927 illul

115 955 169 1026 eet,
193 951 272 1027 quod
295 951 497 1013 demonstrare
520 953 677 1012 voluimus.

202 1040 242 1098 In
275 1042 461 1101 tricesima
492 1033 639 1121 prima1)
676 1040 752 1101 nihil
783 1043 930 1115 mutetur,
965 1041 1030 1103 nisi
1060 1043 1138 1119 quod

73 1146 100 1186 ιο
113 1130 145 1187 in
180 1128 238 1187 fine
275 1129 395 1189 dieitur:
440 1130 621 1206 superfluum
835 1193 851 1246 b
1120 1213 1137 1248 a

113 1218 234 1276 maioris
271 1237 360 1295 super
395 1219 540 1277 minorem
577 1221 622 1276 est
665 1211 844 1299 91--Ι
1125 1270 1127 1300 ἰ

113 1307 218 1381 minor,
242 1311 271 1365 et
294 1308 373 1383 quod
393 1307 489 1385 figura
512 1308 558 1365 his
576 1307 620 1364 111.
668 1303 849 1341 reanimarem
872 1303 1122 1355 normanniam

130 1395 135 1407 ,
183 1396 189 1407 ,
372 1398 377 1409 Ι
666 1356 853 1405 acceptaremus
925 1356 1064 1397 radioeeim

113 1399 243 1472 srgnrtur
265 1415 409 1455 numens:

201 1485 242 1543 In
264 1487 449 1544 tricesima
472 1475 660 1565 seeunda²)
683 1485 759 1542 nihil
786 1486 932 1558 mutatur,
961 1486 1028 1544 nisi
1057 1488 1136 1563 quod

73 1589 99 1629 15
113 1574 144 1631 in
163 1573 221 1632 fine
240 1574 362 1632 dieitur:
385 1574 566 1650 superfluum
584 1573 705 1632 maioris
724 1593 813 1649 super
830 1573 978 1631 minorem
1002 1579 1051 1634 est
1072 1596 1137 1636 eon-

112 1664 214 1722 iuneta
227 1663 369 1720 rationali
382 1664 495 1721 taciens
509 1666 607 1720 totum
620 1662 755 1720 mediale.
788 1662 899 1739 Figura
912 1680 976 1720 non
987 1668 1136 1724 mutatur.

195 1751 236 1809 In
249 1743 593 1826 tricesimatereiall

112 1859 229 1917 quoque
256 1840 331 1897 nihil
354 1841 501 1913 mutatur,
528 1840 586 1897 nisi
614 1831 631 1920 q
783 1814 798 1866 l’
910 1813 919 1823 ⁶
1120 1835 1138 1871 a

112 1929 191 2004 quoe
218 1929 250 1985 in
275 1928 332 1985 fine
361 1927 481 2002 dicitur,
509 1927 588 2002 quoe
615 1884 1129 2015 'effla—im

72 2029 98 2069 ao
112 2017 292 2092 superfluum
316 2017 404 2074 unius
428 2034 517 2092 supra
541 2017 583 2074 al-

110 2107 206 2163 teram
225 2107 270 2163 θεῖ
288 2105 445 2163 coniuncta
462 2105 592 2181 modioli,
611 2099 711 2184 <que>
729 2105 803 2163 facit
820 2105 918 2161 totum
935 2105 1085 2184 mediale,
1110 2111 1139 2167 et

111 2194 190 2268 quod
212 2193 308 2271 figura
330 2194 386 2252 hoe
408 2194 496 2252 modo
519 2194 681 2272 insignitur
703 2193 841 2251 numeris.

184 2334 206 2381 1.
228 2327 282 2382 Sed
300 2326 451 2397 proportio

184 2473 209 2539 1)
237 2470 373 2524 Encamas
392 2469 430 2539 X,
450 2475 482 2523 31
512 2468 664 2540 (Omanae
688 2468 726 2536 X,
746 2473 793 2534 333
821 2467 991 2522 Hammonis
1012 2469 1056 2539 X,
1077 2476 1136 2539 39):

113 2541 181 2594 Onna
199 2544 342 2596 eoninnete
359 2542 466 2608 fnerint
483 2543 535 2596 elne
554 2542 622 2595 linee
640 2541 826 2609 potentialiter
843 2541 1138 2598 incommenswrabilee

110 2614 328 2682 snperrteiempne
346 2613 487 2666 irradiatam
500 2613 674 2677 eontneentee,
692 2628 809 2680 qnarnm
826 2611 904 2665 ambo
919 2611 1067 2679 minorata
1081 2632 1136 2684 po-

111 2685 178 2738 riter
195 2690 304 2752 accepta
317 2691 383 2738 siml
395 2684 540 2750 rationale,
558 2689 616 2738 tota
630 2684 704 2736 linea
717 2683 769 2737 erit
782 2681 957 2736 irrationalia
969 2683 1136 2756 donarem

112 2755 186 2808 linea
204 2756 300 2809 maior.

184 2827 210 2895 2)
237 2825 373 2879 Eucamas
397 2824 434 2892 X,
454 2830 487 2878 32
517 2823 669 2895 (Omnino
687 2823 725 2892 X,
746 2828 793 2890 343
821 2822 991 2876 firmaremus
1010 2822 1054 2895 X,
1073 2830 1134 2897 40):

114 2895 182 2950 Cam
199 2899 340 2951 eoninrnte
358 2897 463 2962 fnerint
480 2897 532 2950 dne
551 2897 619 2949 linee
637 2895 826 2964 potentialiter
843 2895 1137 2955 ineomnnnenratiles

111 2968 330 3037 superficiemque
355 2967 519 3022 rationalem
542 2967 719 3032 continentes,
747 2982 864 3035 mmmm
886 2965 965 3019 ambo
987 2970 1136 3035 madente

107 3041 216 3108 pariter
234 3045 343 3107 accepta
360 3040 417 3092 oint
434 3039 556 3105 neediale,
574 3044 632 3093 tota
650 3038 724 3092 linea
742 3038 794 3091 erit
807 3035 991 3103 irrationalis,
1008 3037 1135 3099 ‹immar-

112 3128 162 3180 qne
176 3116 273 3182 poleno
291 3110 476 3164 inrationale
494 3115 519 3164 el
535 3108 658 3165 mediale.

183 3184 210 3251 3‘)
237 3180 373 3234 Encamrs
396 3180 434 3248 X,
454 3185 487 3232 33
516 3178 668 3248 (ominus
688 3177 726 3246 X,
746 3183 793 3245 353
820 3177 990 3230 Humanam
1009 3177 1050 3250 X,
1070 3185 1134 3250 4ης

113 3252 181 3307 Onrn
199 3253 339 3307 eoninnnte
356 3253 461 3318 fuerint
483 3251 535 3305 elne
554 3252 622 3305 linea
638 3249 825 3319 potentialiter
842 3250 1137 3309 ineommenenraollea

111 3325 330 3392 superficiemque
348 3323 488 3377 mediatem
501 3323 674 3388 continentes,
693 3337 812 3390 qnarnm
827 3320 965 3389 perarata
979 3322 1064 3378 ambo
1078 3343 1135 3394 pa·

110 3397 178 3449 riter
196 3402 306 3464 aecepta
323 3395 380 3448 sint
397 3394 511 3448 mediate
529 3393 612 3462 elnplo
630 3392 783 3461 superficiei
800 3391 886 3445 imino
903 3393 935 3444 in
948 3391 1070 3449 alteram
1089 3398 1135 3451 in·

111 3466 358 3533 commemorabile,
377 3472 434 3520 tota
448 3465 521 3519 linea
539 3465 591 3519 erit
613 3463 795 3529 irrationaliS,
814 3462 969 3532 dieetnnpne
984 3469 1137 3532 potensin

111 3539 166 3592 dno
187 3538 323 3592 medialia.
