2408 3848
402 150 451 203 AD
470 150 655 205 EUCLIDEM
672 151 739 205 LIB.
754 150 787 205 X.
1026 152 1089 215 377

83 319 169 376 radix
198 321 231 393 3,
260 321 290 377 et
314 337 490 394 unaqueque
513 318 639 377 duarum
662 318 881 396 superficierum
901 321 957 395 yla,
983 321 1027 379 td
1050 324 1095 379 est

83 407 168 466 radix
196 408 237 464 48
266 407 415 483 medialis,
443 411 473 466 et
501 426 569 466 area
596 409 689 468 totius
717 407 881 484 superficiei
909 411 954 467 est
983 411 1037 482 243
1066 412 1096 468 et

84 516 154 556 area
187 496 325 571 quadrati
355 501 400 556 est
429 499 469 556 12
499 500 528 556 et
554 497 639 555 radix
668 500 717 559 96.
768 498 832 557 Hoc
860 517 929 557 vero
957 497 1001 556 ita
1028 518 1094 574 pro-

83 585 179 645 batur.
222 584 386 661 Disponam
408 587 496 661 enim,
519 585 596 645 sieut
619 585 752 662 disposui
769 587 862 661 illam,
887 605 942 662 que
962 589 1095 646 estante

82 676 182 734 istam.
228 674 308 752 Ergo
335 675 526 734 manifestum
553 678 610 750 est,
638 677 717 751 quod
744 694 781 750 sq
807 679 908 752 potest
934 694 1025 752 supra
1048 678 1094 750 by.
1123 695 1135 734 θ

870 764 928 823 Sed
967 785 1009 839 ay
1050 768 1096 824 est

904 854 1056 913 residuum

871 947 1095 1021 quantum,ergo

870 1051 910 1092 aa
928 1033 1096 1109 seiungitur

868 1123 909 1181 ed
938 1122 970 1179 in
1000 1123 1136 1199 longi-10

868 1209 982 1283 tudine,
1006 1214 1036 1269 et
1059 1213 1097 1270 ὀὴ

870 1301 1036 1376 seiungitur
1053 1301 1096 1374 tu,

871 1391 901 1447 et
930 1389 993 1464 ipse
1026 1391 1097 1448 sunt

871 1478 993 1552 equales
1024 1477 1096 1536 duo·

868 1565 924 1624 bus
940 1566 1096 1642 quadratis
1111 1580 1136 1621 ιθ

869 1656 919 1730 ks,
942 1657 996 1729 kq:
1027 1674 1097 1733 ergo

870 1744 1097 1820 quadratumts

590 829 847 883 ead

899 1833 1068 1909 seiungitur

870 1923 1017 1998 quadrato
1047 1923 1096 1998 leq,

870 2031 940 2089 ergo
972 2013 1022 2087 ks,
1056 2013 1097 2085 leq
1110 2025 1137 2065 ao

887 2103 919 2158 in
942 2102 1079 2176 potentia

870 2192 940 2248 sunt
985 2191 1095 2247 incom-

887 2278 1082 2335 manicantes.

871 2364 928 2423 Sed
949 2367 994 2438 qd
1019 2385 1097 2424 oom-

869 2453 1097 2513 munieatdein
1112 2466 1138 2508 25

887 2543 1084 2620 longitudine,

872 2635 903 2691 et
918 2633 963 2706 qd
986 2635 1031 2691 est
1051 2651 1097 2691 ra-

85 2721 208 2780 tionalis
231 2723 263 2780 in
285 2723 422 2799 potentia
445 2724 475 2780 et
504 2722 757 2780 incommunieans
780 2722 822 2782 ab
844 2723 876 2780 in
899 2721 1098 2799 longitudine:

87 2829 157 2887 ergo
185 2812 225 2869 de
252 2814 297 2870 est
323 2812 480 2870 rationalis
507 2810 539 2868 in
566 2810 702 2887 potentia
730 2813 760 2870 et
782 2811 1034 2870 incommunieans
1058 2812 1099 2869 ab
1155 2846 1157 2851 »

87 2901 118 2956 in
139 2899 335 2976 longitudine,
360 2919 429 2977 ergo
448 2901 491 2959 dt
510 2901 555 2958 est
572 2899 717 2958 medialis·
759 2898 817 2958 Sed
834 2901 902 2976 ipsa
920 2903 965 2959 est
984 2899 1098 2974 equalis
1112 2911 1139 2952 ³⁰

87 2988 253 3063 superficiei
281 2990 318 3048 ts
345 2990 376 3047 in
403 2989 457 3063 tq:
485 3008 555 3066 ergo
582 2988 750 3065 superficies
778 2989 815 3048 les
842 2990 874 3046 in
901 2989 942 3062 tq
969 2991 1015 3047 est
1039 3007 1098 3046 mo·

87 3077 182 3136 dialis.
229 3076 288 3137 Sed
315 3079 360 3137 ud
387 3081 432 3138 est
458 3078 627 3152 rationalia,
656 3077 795 3153 quoniam
822 3079 888 3154 ipsa
915 3080 961 3136 est
983 3078 1099 3154 longior

87 3168 192 3241 seotio,
225 3170 255 3226 et
286 3167 484 3226 communicat
515 3167 557 3226 ab
589 3168 621 3224 in
653 3166 854 3243 longitudine:
886 3185 956 3244 ergo
984 3167 1027 3225 bd
1054 3169 1099 3225 est

87 3256 251 3315 rationalis.
299 3255 355 3314 Sed
379 3257 445 3333 ipsa
468 3257 513 3314 est
536 3257 651 3330 equalis
674 3255 789 3314 duobus
814 3255 966 3331 quadratis
989 3256 1037 3328 ts,
1058 3256 1099 3328 tq

87 3343 263 3404 ooniunetis:
300 3364 370 3424 ergo
407 3344 464 3404 duo
502 3345 649 3420 quadrata
680 3346 731 3420 ks,
767 3345 808 3418 kq
839 3344 998 3404 coniuncta
1029 3347 1099 3402 sunt
1113 3356 1139 3396 δὴ

159 3535 199 3584 rr.
219 3533 269 3603 tu]
288 3533 333 3588 ed.
