2408 3848
109 157 173 222 348
395 156 560 211 ANARITII
579 154 835 212 COMMENTARII

110 328 153 386 alc
176 329 221 384 est
243 326 328 384 radix
353 327 425 401 108,
449 329 479 384 et
501 325 669 401 superficies
691 326 735 384 lad
757 327 802 383 est
820 323 904 383 radix
924 327 975 400 12,
998 327 1030 382 et
1048 343 1124 384 una·

110 434 226 490 queque
249 415 374 472 duarum
397 413 616 490 superficierum
636 415 680 488 ple
702 416 732 471 et
754 415 797 473 lcd
821 417 865 472 est
890 417 907 473 6
928 432 963 471 ex
982 414 1124 473 numeris.

109 504 162 562 Hii
185 521 304 579 quoque
327 503 442 561 numeri
465 503 603 561 similiter
625 502 732 561 cadent
754 503 786 560 in
809 503 906 580 figura
924 520 1030 576 quom.
1068 503 1125 562 nst

111 612 180 669 ergo
214 591 383 668 superficies
412 609 450 665 qc
478 591 591 668 equalis
618 591 783 667 superficiei
811 593 863 668 bg,
896 594 926 651 et
952 591 1124 668 superficies

84 683 154 740 emt
186 685 231 740 est
261 680 346 739 radix
380 683 435 757 12,
467 684 497 739 et
528 679 696 757 superficies
729 682 765 740 la
796 684 841 740 est
867 680 953 739 radix
982 682 1061 757 108,
1094 684 1124 740 et

109 769 341 845 unumquodque
382 770 507 830 duorum
548 770 819 845 supplementorum
855 772 900 828 est
937 771 970 843 63
1012 773 1044 828 et
1080 788 1125 844 qn

109 862 209 935 potest
237 877 327 935 supra
354 877 404 933 qc3
432 860 483 918 sed
511 877 548 932 qc
575 859 621 918 est
644 859 758 934 equalis
782 861 834 933 by:
862 878 932 935 ergo
955 877 999 932 qu
1022 860 1124 934 potest

111 966 200 1024 supra
228 949 275 1021 dp.
322 946 380 1005 Sed
408 966 448 1009 aa
475 947 673 1008 communicat
699 949 740 1008 cd
766 947 799 1006 in
821 947 1022 1024 longitudine:
1052 966 1123 1026 ergo

110 1039 155 1096 acl
178 1036 374 1096 communicat
396 1036 554 1113 unicuique
577 1037 702 1094 duarum
721 1037 884 1096 sectionum
902 1054 950 1112 aa,
973 1038 1021 1096 ad.
1065 1035 1124 1095 Sed

72 1138 97 1177 1⁰
112 1128 157 1185 ud
189 1129 234 1184 est
264 1125 421 1185 rationalis
452 1125 485 1182 in
515 1125 651 1201 potentia
684 1128 714 1184 et
741 1125 992 1185 incommunicans
1021 1127 1064 1184 ab
1092 1126 1124 1183 in

110 1214 308 1292 longitudine:
346 1233 415 1291 ergo
452 1232 629 1290 unaqueque
660 1214 786 1272 duarum
818 1213 1040 1290 superficierum
1071 1215 1123 1288 ah,

110 1304 154 1362 led
180 1306 225 1363 est
251 1303 395 1362 medialis.
420 1297 424 1380 l
448 1303 516 1379 Ipse
543 1321 614 1362 vero
641 1305 710 1362 sunt
737 1302 856 1379 equales
882 1302 995 1361 duabus
1020 1321 1123 1379 super·
1142 1305 1171 1353 74

110 1392 230 1452 ficiebus
257 1393 303 1451 ml
330 1395 360 1450 et
383 1393 432 1450 nl:
461 1410 531 1469 ergo
554 1392 611 1450 due
634 1391 801 1468 superficies
824 1393 882 1468 ml,
909 1393 946 1450 ol
969 1394 1040 1450 sunt
1062 1412 1123 1449 me-

110 1482 211 1541 diales.
263 1479 321 1540 Sed
353 1482 416 1557 ipse
446 1484 516 1539 sunt
543 1481 601 1540 duo
629 1481 776 1556 quadrata
803 1482 848 1555 qf,
878 1482 930 1554 fu:
964 1498 1035 1558 ergo
1065 1481 1123 1538 duo

72 1583 96 1622 1⁵
111 1571 259 1647 quadrata
282 1572 326 1645 qf,
350 1571 390 1643 fu
413 1572 482 1628 sunt
504 1569 644 1628 medialia
667 1572 697 1627 et
720 1570 976 1628 communicantia.
1024 1569 1125 1628 Simili

111 1679 228 1736 quoque
261 1659 414 1718 ostendam
445 1658 548 1732 modc,
580 1657 659 1734 quod
690 1659 731 1731 qf
757 1657 988 1717 incommunicat
1018 1659 1060 1731 fa
1091 1658 1124 1716 in

110 1747 304 1825 longitudine.
350 1747 390 1804 Et
416 1747 508 1804 etiam
530 1747 569 1805 dc
592 1747 789 1805 communicat
812 1764 849 1821 cp
871 1746 902 1804 in
925 1747 1124 1823 longitudine,

111 1855 181 1913 ergo
215 1837 260 1909 pd
296 1835 494 1893 communicat
529 1835 569 1892 dc
599 1834 631 1892 in
662 1835 856 1912 longitudine.
912 1834 970 1893 Sed
1002 1837 1046 1909 dp
1079 1839 1125 1895 est

110 1924 265 1982 rationalis
299 1925 329 1980 et
356 1922 423 1997 ipsa
450 1923 647 1981 communicat
674 1925 716 1983 ab
743 1925 775 1982 in
802 1923 1001 2000 longitudine,
1035 1927 1066 1982 et
1094 1929 1126 1983 tc

72 2025 98 2064 20
112 2015 157 2069 est
188 2010 342 2069 rationalis
376 2013 405 2068 et
433 2013 477 2070 est
504 2011 619 2086 equalis
647 2013 692 2086 ql:
725 2031 795 2091 ergo
823 2014 856 2086 ql
884 2015 929 2072 est
955 2012 1124 2073 rationalis.

113 2098 170 2158 Sed
197 2100 263 2176 ipsa
290 2093 378 2178 <est>
400 2099 568 2175 superficies
592 2101 632 2174 qf
649 2101 681 2159 in
703 2102 756 2174 fa:
783 2121 854 2178 ergo
877 2102 918 2175 qf
936 2103 966 2159 et
988 2103 1028 2174 fn
1053 2106 1126 2162 sunt

110 2188 252 2248 mediales
284 2190 314 2246 et
344 2189 376 2246 in
407 2188 543 2264 potentia
573 2193 692 2249 tantum
719 2191 967 2250 communicantes
996 2192 1026 2248 et
1055 2209 1125 2249 con-

110 2279 239 2338 tinentes
262 2277 422 2352 iationale3
446 2297 516 2355 ergo
539 2297 583 2352 qu
605 2281 651 2338 est
667 2278 828 2337 bimedium
846 2279 984 2355 primum,
1008 2281 1039 2336 et
1057 2279 1126 2355 ipsa

112 2370 156 2427 est
174 2370 279 2443 potens
298 2385 389 2443 supra
407 2367 592 2443 superficiem
609 2369 657 2442 bp.
695 2367 780 2436 Quod
798 2367 823 2426 si
842 2367 1007 2444 superficiei
1025 2368 1124 2446 longi-

72 2467 97 2508 as
111 2456 184 2513 tudo
204 2457 284 2527 foret
306 2455 459 2514 residuum
482 2457 656 2532 secundum,
683 2458 788 2533 potens
812 2475 901 2532 supra
924 2457 1021 2534 ipsam
1046 2460 1126 2518 esset

112 2544 291 2620 superfluum
313 2546 393 2603 inter
415 2563 478 2622 eas,
502 2548 532 2603 et
554 2548 632 2605 esset
654 2547 695 2619 qf
711 2546 796 2604 radix
818 2545 926 2605 radicis
951 2548 1006 2621 12,
1031 2549 1063 2604 et
1085 2548 1126 2620 fa

111 2632 196 2691 radix
217 2633 325 2691 radicis
350 2634 423 2711 108,
446 2653 503 2709 que
522 2637 591 2693 sunt
608 2635 750 2693 mediales
769 2638 799 2694 et
817 2635 1001 2694 continentes
1020 2653 1126 2712 super·

111 2721 221 2796 ficiem,
257 2721 339 2780 cuius
371 2740 441 2781 area
474 2726 518 2782 est
550 2725 583 2798 6,
616 2742 685 2800 ergo
717 2725 756 2796 fa
787 2718 978 2802 <diminuta>
1009 2726 1052 2797 qf
1080 2727 1129 2783 est

111 2805 305 2888 (residuum)
331 2810 488 2870 bimediale
515 2812 653 2888 primum.
697 2812 761 2872 Hec
789 2816 834 2872 est
856 2813 935 2871 enim
958 2812 1021 2870 eius
1046 2813 1127 2871 diffi-

73 2911 98 2950 30
112 2898 200 2974 nitio3
224 2902 255 2957 et
276 2899 352 2957 illud
375 2901 428 2976 est,
453 2900 531 2976 quod
554 2901 755 2961 demonstrare
777 2902 933 2961 voluimus.

202 2985 324 3064 Supra
365 3008 509 3048 omnem
544 2985 857 3069 <superficiem>
897 2992 1130 3051 contentam

36 3126 48 3146 s
112 3095 130 3135 a
170 3076 341 3136 binomio
382 3079 536 3154 tercio,
583 3075 659 3156 (que
696 3082 741 3138 est
777 3080 874 3157 figura
910 3071 1043 3161 42⁵)¹)‚
1089 3086 1132 3142 et

184 3270 208 3318 6.
227 3280 403 3332 unaqueque.
422 3296 457 3304 —
477 3271 519 3320 15.
538 3265 680 3322 Similiter.
700 3299 735 3307 —
754 3273 795 3322 23.
814 3265 978 3321 binomium.

185 3463 209 3529 1)
238 3461 373 3514 Eucnmns
397 3459 435 3528 X,
454 3465 488 3512 42
516 3459 669 3530 (emises
693 3462 730 3531 X,
749 3469 797 3529 443
824 3461 992 3516 Hnmsuems
1011 3463 1051 3534 X,
1074 3471 1131 3540 50).

114 3529 166 3584 cfr.
184 3550 212 3600 p.
228 3536 279 3584 333
298 3533 355 3585 not.
371 3537 394 3585 1.
