2408 3848
125 168 189 234 180
407 166 574 220 ANARITII
592 163 851 221 COMMENTARII

124 341 168 396 est
192 337 270 396 sieut
291 335 445 412 proportio
469 337 509 409 bq
532 334 570 392 ad
592 335 638 410 sq
663 337 693 394 et
716 335 788 410 quia
807 335 866 393 duo
886 333 990 412 anguli
1009 333 1138 393 duorum

122 426 345 503 triangulorum
368 427 432 499 obp
459 427 490 482 et
515 425 571 482 aar
598 427 748 498 aquantur
779 425 809 482 et
836 424 933 482 latera
960 423 1040 498 ipsos
1068 442 1137 481 oon-

123 513 251 572 tinentia
274 517 344 572 sunt
371 512 621 590 proportionalia,
649 531 719 590 ergo
746 512 917 590 triangulus
941 513 1005 586 abo
1032 512 1138 569 similis

125 604 182 662 erit
196 603 349 680 triangulo
358 605 425 662 aar:
440 621 509 678 ergo
525 601 653 677 angulus
664 603 740 660 bom
753 605 799 660 est
813 600 928 677 equalis
943 601 1054 677 angulo
1064 602 1137 659 ltro.

98 693 166 750 sEt
188 691 350 751 seeundum
368 690 457 749 huius
475 689 661 765 probationis
680 691 876 765 equalitatem
895 689 1032 765 ostendit,
1058 689 1139 764 quod

125 781 254 858 angulus
282 782 358 840 atra
394 782 440 838 est
476 778 591 854 equalis
624 779 735 856 angulo
762 781 834 840 aha.
889 779 1034 836 Remanet
1067 797 1139 854 ergo

840 1723 866 1775 9

128 1863 258 1939 angulus
281 1861 357 1918 amb
385 1861 501 1935 equalis
529 1860 639 1938 angulo
663 1860 740 1919 aut:
773 1878 843 1936 ergo
872 1858 1043 1937 triangulus
1067 1862 1144 1919 alim

129 1949 300 2010 estsimilis
323 1948 475 2026 triangulo
498 1951 570 2009 alra.
617 1949 697 2025 Ergo
720 1949 875 2023 proportio
895 1949 947 2006 tm
969 1949 1008 2006 ad
1030 1951 1074 2006 ltu
1098 1952 1144 2007 est

129 2040 207 2098 siout
238 2037 392 2113 proportio
416 2056 469 2096 om
497 2039 535 2096 ad
556 2057 605 2098 aa.
659 2039 700 2095 nt
727 2037 890 2095 seeundum
917 2037 1144 2096 similitudinem

90 2143 116 2182 10
130 2129 218 2186 huius
241 2126 425 2201 probationis
448 2127 675 2202 demonstravit,
705 2126 785 2202 quod
807 2126 977 2203 triangulus
1001 2128 1075 2201 bmq
1098 2130 1144 2185 est

130 2215 234 2275 similis
257 2215 409 2292 triangulo
432 2217 504 2292 aar,
532 2219 562 2275 et
590 2216 670 2292 quod
697 2215 849 2290 proportio
873 2210 946 2292 <bnt
969 2215 1007 2273 ad
1028 2217 1073 2274 tu
1096 2218 1144 2273 est

130 2305 209 2364 sicut
222 2300 396 2382 proportio>
407 2323 461 2378 pm
475 2305 514 2363 ad
528 2310 571 2364 ta.
601 2304 676 2364 (lum
691 2324 761 2382 ergo
776 2303 989 2362 abstulerimus
1003 2304 1144 2379 medium,

129 2393 295 2452 remanebit
316 2393 469 2469 proportio
489 2413 543 2452 am
565 2394 604 2452 ad
625 2413 668 2454 aa
691 2393 768 2451 siout
790 2393 945 2468 proportio
964 2412 1016 2467 my
1039 2393 1077 2450 ad
1099 2398 1144 2451 at.

132 2482 207 2542 Cum
226 2503 296 2560 ergo
315 2483 592 2558 permutaverimus,
617 2483 673 2541 erit
691 2481 845 2558 proportio
864 2501 918 2540 om
941 2482 979 2540 ad
996 2501 1048 2556 my
1066 2482 1146 2540 siout

92 2587 117 2627 16
130 2572 284 2648 proportio
307 2589 349 2630 aa
367 2571 406 2629 ad
427 2576 471 2630 nt.
519 2571 576 2630 sed
598 2571 752 2648 proportio
776 2590 829 2630 om
857 2570 896 2629 ad
917 2591 969 2646 my
998 2574 1043 2629 est
1066 2571 1145 2630 siout

131 2660 284 2737 proportio
298 2659 444 2734 trianguli
454 2662 530 2719 abm
544 2661 582 2718 ad
595 2661 780 2739 triangulum
792 2661 877 2736 olim,
892 2662 923 2717 et
936 2659 1089 2735 proportio
1104 2679 1146 2720 aa

131 2750 170 2808 ad
182 2754 220 2808 nt
238 2752 282 2808 est
301 2749 378 2807 siout
396 2750 550 2826 proportio
568 2749 715 2827 trianguli
727 2751 793 2809 zat
811 2750 850 2807 ad
867 2749 1054 2826 triangulum
1072 2751 1146 2807 lant:

132 2857 202 2916 ergo
221 2838 374 2914 proportio
394 2839 540 2916 trianguli
554 2841 630 2897 obm
649 2839 687 2896 ad
705 2839 892 2916 triangulum
911 2839 984 2911 bmp
1003 2841 1048 2895 est
1066 2838 1146 2895 siout

131 2927 284 3003 proportio
294 2927 440 3004 trianguli
448 2927 562 2986 aaran
571 2928 755 3005 triangulum
765 2928 831 2984 lant.
859 2925 917 2984 Sed
925 2926 1080 3002 proportio
1092 2945 1147 2984 om

92 3031 118 3071 ao
133 3017 171 3074 ad
193 3035 244 3089 my
263 3020 313 3074 est
335 3011 468 3093 (etiam)
491 3017 569 3074 siout
591 3016 745 3092 proportio
767 3015 912 3092 trianguli
936 3033 1008 3074 ame
1031 3015 1070 3072 ad
1092 3015 1145 3073 tri-

132 3105 278 3182 angulum
302 3123 371 3178 emp
403 3108 433 3163 et
465 3105 543 3162 siout
569 3105 722 3181 proportio
755 3103 901 3181 trianguli
924 3106 999 3162 abm
1026 3103 1065 3162 ad
1091 3103 1145 3162 tri-

134 3194 278 3271 angulum
297 3195 378 3268 bmp,
402 3197 432 3252 et
454 3195 608 3269 proportio
632 3192 847 3252 coniunctionis
876 3193 1002 3257 (luorum
1029 3195 1146 3252 antece·

134 3283 267 3342 dentium
290 3281 328 3340 ad
346 3282 584 3341 coniunctionem
602 3284 727 3343 duorum
746 3282 989 3358 consequentium
1008 3285 1052 3341 est
1071 3282 1148 3340 siout

136 3548 169 3596 20
206 3476 283 3524 3-4.
304 3468 403 3523 similis
423 3469 488 3542 erit]
507 3470 608 3524 summi
626 3468 717 3524 lateri.
737 3501 771 3541 -.
791 3475 832 3523 16.
852 3469 928 3538 quod
945 3468 1097 3539 proportio.
1113 3501 1147 3509 —

173 3588 177 3597 .
197 3560 275 3613 amp.
