2408 3848
110 111 174 176 152
396 110 562 164 ANARITII
580 109 837 166 COMMENTARH

109 283 163 355 est,
183 280 259 338 sicut
273 279 348 337 dixit
366 280 533 354 Eucurons,
554 300 610 355 que
629 279 754 338 ubilibet
764 284 809 339 est
829 281 996 339 necessaria
1011 282 1121 356 superi·

110 369 209 429 oribus
232 368 353 444 spheris.
404 368 439 426 In
466 369 512 426 his
540 369 619 426 enim
646 368 759 444 spheris
783 370 980 428 necessarium
1003 374 1061 446 est,
1089 375 1123 429 ut

110 457 150 516 sit
171 458 203 514 in
226 476 305 532 arcu,
328 457 380 532 qui
403 460 449 516 est
474 458 553 515 inter
575 457 717 516 circulum
740 458 969 534 equinoctialem
993 463 1023 518 et
1045 460 1123 518 inter

109 565 347 622 unumquemque
388 546 514 605 duorum
558 546 734 605 circulorum
775 547 991 621 solstitialium,
1026 548 1125 626 figura

82 634 220 694 shabens
240 635 394 694 duodecim
411 635 506 709 bases,
530 638 560 694 et
578 636 721 712 astrologi
740 636 884 713 dixerunt,
908 636 1020 696 sufficet
1045 637 1125 712 quod

110 743 208 800 arcuS,
242 726 293 800 qui
326 727 370 782 est
402 724 480 782 inter
508 723 650 782 circulum
677 724 840 800 equinoctii
867 728 897 783 et
924 725 1003 784 inter
1030 746 1124 784 unum

110 814 235 871 duorum
263 814 439 872 circulorum
466 813 681 889 solstitialium,
714 813 794 889 quod
825 813 937 872 scilicet
965 818 1010 873 est
1038 833 1123 874 arcus

110 903 197 960 unius
220 902 404 976 circulorum,
428 902 480 977 qui
501 905 657 960 transeunt
679 922 732 977 per
754 903 838 976 polos
866 903 983 978 sphera,
1010 904 1125 962 scilicet

110 992 194 1066 polos
216 991 325 1066 tocius,
352 991 458 1066 recipit
483 991 611 1066 figuram
638 991 792 1049 duodecim
819 990 935 1050 basium
962 993 1124 1069 equalium,

70 1083 98 1132 rc
112 1082 142 1137 et
163 1079 229 1137 ideo
252 1081 411 1139 sicimis
435 1080 575 1155 apposuit
596 1079 671 1138 hanc
693 1079 828 1157 figuram,
856 1082 891 1139 ut
912 1080 987 1138 nihil
1010 1085 1125 1156 preter-

109 1168 248 1226 mittatur
269 1187 328 1226 non
350 1168 516 1243 probatum.

177 1258 218 1314 Et
244 1260 404 1333 postquam
430 1257 491 1314 iam
513 1257 672 1316 manifesta
695 1261 765 1316 sunt
788 1277 836 1333 ea,
866 1277 924 1334 que
952 1252 1125 1341 diximus1),

111 1348 142 1404 et
163 1345 257 1423 figure
281 1365 381 1405 omnes
404 1350 473 1405 sunt
492 1346 700 1421 demonstrate,
724 1365 794 1423 ergo
813 1366 872 1407 non
893 1348 1125 1423 pretermittam,

111 1435 185 1510 quin
216 1435 325 1494 faciam
356 1436 496 1513 figuram,
529 1455 596 1494 cum
626 1454 687 1510 qua
714 1438 814 1510 potest
841 1435 966 1494 describi
994 1437 1124 1496 sinemus

71 1537 98 1577 rs
113 1525 190 1584 circa
216 1524 343 1602 figuram
371 1525 523 1600 equalium
550 1525 681 1582 laterum
708 1526 739 1582 et
766 1525 918 1600 equalium
944 1526 1125 1602 angulorum

111 1616 166 1672 aut
188 1614 268 1672 intra
292 1633 366 1688 eam,
389 1615 419 1671 et
440 1614 552 1671 adhoc
570 1613 780 1671 declarandum
798 1613 971 1688 premittam
989 1616 1123 1690 proposi-

111 1703 231 1762 tionem.
268 1702 373 1761 Dicam
392 1720 474 1779 ergo:
493 1701 594 1759 Intra
613 1720 747 1760 omnem
765 1701 920 1779 figuram
939 1704 1123 1778 equalium

111 1792 267 1850 laterum
287 1794 322 1849 et
336 1791 562 1866 angulorum,
582 1809 688 1865 quam
700 1794 797 1849 recte
812 1791 1001 1850 continent
1014 1792 1123 1868 linea,

113 1883 166 1938 est
189 1881 370 1953 punctum,
395 1898 413 1936 a
435 1898 503 1953 quo
527 1898 645 1938 omues
666 1879 761 1938 linee
784 1883 881 1938 recte
905 1879 948 1938 ad
971 1882 1123 1959 angulos

72 1969 233 2045 refigure
265 1969 449 2041 protracte
481 1970 564 2025 sunt
597 1968 756 2044 equales3
789 1972 824 2026 et
855 1969 920 2027 hoc
950 1973 1122 2044 punctum

111 2058 232 2134 figure
251 2055 409 2130 plurium
428 2057 641 2134 angulorum
656 2066 710 2115 est
724 2061 897 2132 centrum,
913 2061 948 2116 et
961 2062 1122 2118 centrum

113 2145 244 2204 circuli
286 2145 460 2221 descripti
498 2147 593 2204 circa
631 2164 705 2204 eam
741 2149 776 2204 et
812 2145 989 2222 descripti
1026 2149 1122 2207 intra

111 2235 233 2310 ipsam.
272 2234 408 2309 Exempli
427 2253 517 2293 causa
535 2253 643 2309 ponam
661 2234 790 2311 figuram
804 2237 940 2309 obpdea,
960 2239 991 2294 et
1005 2256 1121 2312 ponam,

111 2328 148 2382 ut
171 2323 233 2381 eius
256 2323 351 2381 latera
375 2327 445 2382 sunt
468 2324 587 2398 aqualia
606 2325 635 2381 et
654 2323 760 2401 anguli
778 2324 912 2398 equales:
936 2324 1002 2384 dico
1021 2325 1121 2403 igitur,

72 2424 98 2464 aa
113 2413 193 2487 quod
220 2413 299 2471 intra
326 2413 453 2490 figuram
481 2414 609 2486 abactae
636 2416 681 2471 est
708 2415 865 2489 punctum,
893 2431 911 2471 a
939 2431 999 2488 quo
1023 2431 1120 2474 omnes

110 2502 189 2560 lines
218 2501 256 2558 ad
279 2502 404 2578 angulos
427 2501 521 2578 ligure
543 2501 687 2576 producte
714 2505 785 2560 sunt
807 2502 941 2577 equaleS,
969 2505 1000 2561 et
1024 2519 1120 2564 omnes

111 2591 371 2666 perpendiculares
408 2590 445 2648 ab
482 2610 515 2648 eo
548 2591 586 2648 ad
617 2591 713 2675 latera
744 2590 838 2667 figure
869 2594 1022 2667 protracte
1054 2592 1121 2650 sunt

113 2680 242 2755 equales.
290 2679 432 2738 Probatio
461 2679 537 2754 eius,
565 2679 708 2754 quoniam
735 2679 866 2738 dividam
894 2679 968 2739 duos
997 2682 1120 2759 angulos

184 2873 208 2920 2.
228 2865 315 2935 speria
335 2873 359 2920 et
376 2867 416 2920 sic
432 2883 541 2933 semper.
560 2897 594 2905 -
613 2870 691 2919 4—5.
710 2865 800 2934 figura
818 2865 900 2919 unius
917 2866 1074 2922 duodecim.
1088 2897 1120 2908 -

113 2944 226 2993 10-11.
246 2937 318 2991 nihil
336 2937 391 2990 nisi
408 2935 618 3005 pretermittant
636 2952 702 2990 vero
720 2936 876 3005 probatum.

112 3133 155 3186 Ex
168 3133 238 3202 ipsis
252 3131 345 3186 verbis
360 3131 560 3201 propositionis
574 3134 663 3201 patet,
678 3132 753 3200 quod
766 3134 885 3200 utroque
894 3131 957 3186 loco
968 3132 1127 3187 additionis·
1139 3178 1149 3203 ,Ι

112 3205 239 3258 Aunarrn
252 3204 440 3271 „quindecim‘
453 3202 603 3272 legendum
618 3207 661 3257 est
674 3220 724 3272 pro
737 3204 920 3271 „duodecim“.
944 3201 1015 3257 Cum
1029 3206 1121 3257 autem
1153 3210 1157 3217 “

112 3276 240 3344 Mseptm.
253 3276 369 3341 utroque
379 3273 440 3327 loco
455 3273 529 3327 clare
542 3276 720 3341 „duodecim‘
729 3273 865 3342 expressis
875 3273 968 3328 verbis
976 3274 1121 3344 praebeat,

111 3349 222 3401 textum
240 3344 359 3398 alterare
376 3344 462 3399 nolui.
1118 3386 1121 3391 ⁴

186 3421 211 3488 1)
230 3417 306 3470 Haec
325 3415 432 3470 additio
452 3418 481 3470 et
499 3431 617 3483 sequens
633 3417 753 3470 Hnnoms
772 3418 822 3470 est.
852 3415 976 3486 Sequens
995 3417 1071 3473 enim
1089 3434 1124 3472 ea

111 3489 296 3558 demonstrat,
315 3487 416 3556 quibus
435 3486 465 3540 in
483 3485 574 3555 prima
592 3487 689 3542 utitur.
