2408 3848
401 160 450 215 AD
469 159 654 214 EUCLIDEM
672 159 738 217 LIB.
753 160 774 214 I.
1049 159 1091 224 35

76 331 295 501 Aermmppus
323 333 354 388 et
382 330 546 390 Drononus
575 329 768 390 ostenderunt
796 327 898 386 multis
928 327 1030 405 figuris
1063 331 1093 385 et

77 421 210 480 diversis.

166 509 251 567 Dixit
269 509 456 567 Aumumus:
479 508 544 566 Hoc
563 507 699 583 equidem
718 506 938 582 exposuerimus
958 508 988 563 et
1001 505 1091 563 inter-

76 617 233 674 ponamus
246 598 325 673 quod
335 597 455 656 Aemus
466 597 589 672 addidit,
599 598 667 672 post
676 595 882 671 probationem
891 594 984 672 figure
996 596 1058 652 29¹.
1066 586 1089 670 2)

166 687 253 746 Dixit
280 687 453 746 Euomnss:
481 687 549 745 Due
575 689 648 745 recte
672 687 745 744 tinec
766 703 825 744 non
853 684 1094 758 comprehenderet
1119 695 1131 734 ⁵

76 778 268 850 superficiem.

168 864 267 940 Supra
289 866 345 924 hoe
369 863 617 922 Summanos:
641 863 704 921 Hec
727 863 833 938 petitio
856 881 916 921 non
942 860 1093 919 invenitur

76 954 109 1012 in
133 954 266 1029 antiquis
295 953 426 1029 seriptis,
456 973 512 1029 que
534 952 601 1010 ideo
629 952 688 1010 fuit
715 951 850 1026 dimissa,
879 950 1020 1026 quoniam
1048 952 1093 1008 est

77 1044 247 1119 manifesta,
272 1045 301 1101 et
324 1042 390 1101 ideo
415 1042 562 1115 dixerunt,
587 1041 667 1116 quod
684 1040 843 1116 petitiones
863 1043 934 1098 sunt
953 1039 1091 1114 quinque.

610 1129 745 1188 Moderni
773 1148 842 1188 vero
870 1129 998 1203 probant
1026 1146 1092 1184 eam
1106 1142 1132 1180 ro

610 1219 665 1276 hoe
689 1218 785 1277 modo.
822 1217 978 1291 Duxerunt,
1003 1216 1092 1291 quod,

611 1306 637 1365 si
661 1309 706 1365 est
728 1306 877 1381 possibile,
900 1308 936 1364 ut
957 1306 1017 1364 sint
1035 1305 1091 1362 due

612 1398 692 1454 reete
710 1395 788 1453 linee
811 1394 1091 1469 comprehendentes

611 1483 809 1560 superficiem,
839 1483 984 1541 faciamus
1012 1502 1090 1560 erge,

611 1576 647 1631 ut
665 1573 722 1631 due
741 1575 820 1630 recte
837 1572 914 1630 linee
934 1574 1011 1647 opt,
1025 1573 1091 1630 aab
1106 1583 1131 1624 15

551 1706 554 1712 .
612 1661 862 1738 comprehendant
899 1661 1092 1736 superficiem,

536 1794 538 1798 ,
612 1751 690 1810 sieut
735 1753 862 1826 apparet
910 1751 942 1807 in
987 1750 1092 1827 sigma,

610 1840 779 1898 Producam
790 1839 894 1915 itaque
903 1840 1015 1898 lineam
1028 1841 1092 1914 apd

612 1932 642 1986 et
680 1929 791 1986 lineam
828 1930 894 1987 ade
932 1929 1093 1988 secundum

611 2017 821 2075 rectitudinem
840 2017 878 2075 ad
902 2017 961 2076 duo
980 2022 1132 2093 punctam

612 2124 634 2181 e,
657 2123 681 2181 a,
705 2109 734 2164 et
762 2106 979 2166 circumdueam
1002 2126 1092 2183 supra

611 2197 746 2254 centrum
774 2197 790 2253 b
820 2213 887 2252 cum
920 2196 1017 2270 spatio
1050 2198 1092 2256 ba
1167 2201 1170 2207 '

611 2284 754 2342 circutum
779 2285 870 2343 uach.
917 2285 996 2361 Ergo
1020 2285 1090 2360 quia

77 2371 249 2448 punctumb
265 2372 310 2428 est
322 2373 455 2428 centrum
469 2370 573 2428 circuli
587 2374 683 2446 caet,
703 2373 760 2430 erit
770 2391 948 2447 unaqueque
963 2373 1090 2432 duarum

77 2460 226 2518 linearum
245 2460 343 2535 apte,
362 2461 449 2518 adda
471 2460 635 2518 diametrus
655 2461 765 2536 circuli,
790 2480 859 2538 ergo
879 2480 964 2520 arcus
983 2481 1023 2523 oa
1046 2467 1089 2522 est
1103 2476 1129 2516 25

77 2549 195 2625 equalis
219 2547 301 2606 arcui
324 2565 396 2622 ore,
419 2548 515 2607 minor
538 2549 651 2608 seilicet
672 2550 787 2625 maiori,
811 2551 890 2625 quod
913 2554 958 2609 est
980 2547 1088 2627 impos-

151 2724 174 2772 1.
189 2717 373 2772 Abthiniatus
384 2719 414 2771 et
423 2716 562 2770 Diodorus
573 2718 766 2790 ostenderunt]
782 2718 928 2772 Anarioius
944 2723 973 2774 et
988 2721 1087 2774 d'unus

76 2788 240 2845 ostenderit.
288 2789 386 2843 Veram
410 2790 547 2844 lectionem
570 2807 603 2844 eo
626 2791 743 2844 edictione
766 2791 939 2846 Resonan-
929 2792 1088 2863 ·Hce'bcr9ie'

74 2861 171 2930 recepi.
688 2894 690 2898 -

141 3037 230 3107 1)Hie
239 3036 353 3092 nomina
363 3053 397 3090 ex
407 3036 531 3090 editione
541 3037 664 3091 arabica·
666 3038 677 3091 1
678 3038 757 3093 atina
766 3039 941 3091 Brennosrn-
942 3039 1086 3094 Hammon

74 3111 108 3165 in
125 3111 235 3164 textum
253 3107 357 3177 recepi,
382 3107 480 3176 quales
500 3107 586 3162 etiam
606 3109 768 3164 Gerasenos
787 3109 888 3178 legisse
907 3110 1029 3180 videtur,
1053 3116 1085 3165 ut

76 3180 206 3250 sequitur
229 3197 262 3233 ex
286 3179 341 3233 alio
363 3178 425 3234 loeo
449 3181 485 3234 ad
503 3180 723 3250 propositionem
742 3186 821 3246 29⁸¹,
849 3180 899 3234 ubi
921 3184 1084 3251 repetuntur

74 3251 199 3308 nomina
228 3251 270 3304 De
284 3250 410 3304 Dronono
431 3252 525 3333 confer
539 3251 740 3332 Hmrsemuu
732 3270 762 3304 m
775 3201 969 3320 praefationep
965 3253 1002 3306 ad
1016 3254 1083 3307 Pse-

74 3343 130 3378 ruu
148 3323 195 3390 ΙΠ,
214 3321 346 3376 ΙΙΙ-ΧΠ.
380 3323 434 3377 Sed
452 3322 514 3391 quis
535 3322 915 3391 sittAnrn1u1arus‚prorsus
934 3324 1012 3378 latet

140 3397 166 3464 2)
194 3393 292 3462 Neque
316 3399 349 3448 26
378 3394 462 3448 debet
489 3393 558 3462 legi,
585 3409 675 3460 neque
699 3399 731 3448 28
755 3396 787 3447 ut
810 3393 908 3448 dieunt
928 3396 1083 3449 Busseoss-

74 3467 210 3534 Hemesa
230 3466 287 3534 sed,
306 3468 339 3519 ut
357 3481 408 3519 suo
426 3464 488 3518 loeo
502 3463 651 3533 videbitur,
670 3463 817 3519 Arummus
831 3465 968 3520 theoriam
984 3466 1083 3520 Gsmm

75 3537 114 3592 ad
132 3536 353 3607 propositionem
372 3542 405 3590 29
425 3535 513 3590 addit.

905 3625 942 3678 ν
