<?xml version="1.0" encoding="UTF-8"?>
<!DOCTYPE html PUBLIC "-//W3C//DTD XHTML 1.0 Transitional//EN"
    "http://www.w3.org/TR/xhtml1/DTD/xhtml1-transitional.dtd">
<html xmlns="http://www.w3.org/1999/xhtml" xml:lang="en" lang="en">
 <head>
  <title>
</title>
<meta http-equiv="Content-Type" content="text/html;charset=utf-8" />
  <meta name='ocr-system' content='tesseract 3.04.00' />
  <meta name='ocr-capabilities' content='ocr_page ocr_carea ocr_par ocr_line ocrx_word'/>
</head>
<body>
  <div class='ocr_page' id='page_1' title='image "./euclidisoperaom18unkngoog/euclidisoperaom18unkngoog_0154.png"; bbox 0 0 2408 3848; ppageno 0'>
   <div class='ocr_carea' id='block_1_1' title="bbox 372 141 1076 206">
    <p class='ocr_par' dir='ltr' id='par_1_1' title="bbox 372 141 1076 206">
     <span class='ocr_line' id='line_1_1' title="bbox 372 141 1076 206; baseline 0.013 -9"><span class='ocrx_word' id='word_1_1' title='bbox 372 143 422 197; x_wconf 91' lang='lat' dir='ltr'>AD</span> <span class='ocrx_word' id='word_1_2' title='bbox 441 141 627 197; x_wconf 80' lang='lat' dir='ltr'>EUGLIDEM</span> <span class='ocrx_word' id='word_1_3' title='bbox 645 141 712 196; x_wconf 88' lang='lat' dir='ltr'>LIB.</span> <span class='ocrx_word' id='word_1_4' title='bbox 727 142 773 196; x_wconf 91' lang='grc' dir='ltr'>ΠΙ.</span> <span class='ocrx_word' id='word_1_5' title='bbox 1015 143 1076 206; x_wconf 79' lang='grc'>117</span> 
     </span>
    </p>
   </div>
   <div class='ocr_carea' id='block_1_2' title="bbox 60 310 1123 3326">
    <p class='ocr_par' dir='ltr' id='par_1_2' title="bbox 60 310 1123 3326">
     <span class='ocr_line' id='line_1_2' title="bbox 60 310 1080 387; baseline -0.003 -15"><span class='ocrx_word' id='word_1_6' title='bbox 60 315 245 373; x_wconf 89' lang='lat' dir='ltr'>diametrum</span> <span class='ocrx_word' id='word_1_7' title='bbox 260 312 321 372; x_wconf 89' lang='lat' dir='ltr'>eius</span> <span class='ocrx_word' id='word_1_8' title='bbox 337 314 384 386; x_wconf 65' lang='grc' dir='ltr'>ὑφ,</span> <span class='ocrx_word' id='word_1_9' title='bbox 404 331 494 387; x_wconf 90' lang='lat' dir='ltr'>quam</span> <span class='ocrx_word' id='word_1_10' title='bbox 513 310 673 370; x_wconf 90' lang='lat' dir='ltr'>secundum</span> <span class='ocrx_word' id='word_1_11' title='bbox 691 310 900 370; x_wconf 75' lang='lat' dir='ltr'><strong>rectitudinem</strong></span> <span class='ocrx_word' id='word_1_12' title='bbox 917 311 1080 386; x_wconf 81' lang='lat' dir='ltr'>producam</span> 
     </span>
     <span class='ocr_line' id='line_1_3' title="bbox 61 400 1080 477; baseline -0.002 -15"><span class='ocrx_word' id='word_1_13' title='bbox 61 405 149 462; x_wconf 85' lang='lat' dir='ltr'>extra</span> <span class='ocrx_word' id='word_1_14' title='bbox 173 402 326 476; x_wconf 87' lang='lat' dir='ltr'>circulum,</span> <span class='ocrx_word' id='word_1_15' title='bbox 349 421 406 476; x_wconf 92' lang='lat' dir='ltr'>que</span> <span class='ocrx_word' id='word_1_16' title='bbox 426 401 466 460; x_wconf 91' lang='lat' dir='ltr'>sit</span> <span class='ocrx_word' id='word_1_17' title='bbox 484 401 563 460; x_wconf 88' lang='lat' dir='ltr'>siout</span> <span class='ocrx_word' id='word_1_18' title='bbox 580 400 660 458; x_wconf 89' lang='lat' dir='ltr'>linea</span> <span class='ocrx_word' id='word_1_19' title='bbox 676 403 729 475; x_wconf 76' lang='lat' dir='ltr'>pol,</span> <span class='ocrx_word' id='word_1_20' title='bbox 753 419 843 477; x_wconf 88' lang='lat' dir='ltr'>supra</span> <span class='ocrx_word' id='word_1_21' title='bbox 863 419 952 476; x_wconf 90' lang='lat' dir='ltr'>quam</span> <span class='ocrx_word' id='word_1_22' title='bbox 970 420 1080 476; x_wconf 89' lang='lat' dir='ltr'>ponam</span> 
     </span>
     <span class='ocr_line' id='line_1_4' title="bbox 62 489 1081 566; baseline -0.003 -16"><span class='ocrx_word' id='word_1_23' title='bbox 62 495 184 566; x_wconf 89' lang='lat' dir='ltr'>notam,</span> <span class='ocrx_word' id='word_1_24' title='bbox 218 491 475 566; x_wconf 78' lang='lat' dir='ltr'>qualitercumque</span> <span class='ocrx_word' id='word_1_25' title='bbox 504 489 663 566; x_wconf 85' lang='lat' dir='ltr'>contingit,</span> <span class='ocrx_word' id='word_1_26' title='bbox 692 490 788 565; x_wconf 85' lang='lat' dir='ltr'>sitque</span> <span class='ocrx_word' id='word_1_27' title='bbox 815 493 888 548; x_wconf 93' lang='lat' dir='ltr'>nota</span> <span class='ocrx_word' id='word_1_28' title='bbox 915 492 947 564; x_wconf 69' lang='lat' dir='ltr'>d,</span> <span class='ocrx_word' id='word_1_29' title='bbox 975 509 993 547; x_wconf 89' lang='lat' dir='ltr'>a</span> <span class='ocrx_word' id='word_1_30' title='bbox 1021 509 1081 565; x_wconf 91' lang='lat' dir='ltr'>qua</span> 
     </span>
     <span class='ocr_line' id='line_1_5' title="bbox 62 579 1079 655; baseline -0.002 -15"><span class='ocrx_word' id='word_1_31' title='bbox 62 581 102 640; x_wconf 91' lang='lat' dir='ltr'>ad</span> <span class='ocrx_word' id='word_1_32' title='bbox 131 581 275 640; x_wconf 90' lang='lat' dir='ltr'>eiroulum</span> <span class='ocrx_word' id='word_1_33' title='bbox 299 581 362 653; x_wconf 79' lang='lat' dir='ltr'>obp</span> <span class='ocrx_word' id='word_1_34' title='bbox 388 579 563 655; x_wconf 73' lang='lat' dir='ltr'>protraham</span> <span class='ocrx_word' id='word_1_35' title='bbox 591 579 664 637; x_wconf 89' lang='lat' dir='ltr'>duas</span> <span class='ocrx_word' id='word_1_36' title='bbox 687 582 783 638; x_wconf 90' lang='lat' dir='ltr'>rectas</span> <span class='ocrx_word' id='word_1_37' title='bbox 806 580 900 638; x_wconf 88' lang='lat' dir='ltr'>lineas</span> <span class='ocrx_word' id='word_1_38' title='bbox 924 598 942 638; x_wconf 92' lang='lat' dir='ltr'>a</span> <span class='ocrx_word' id='word_1_39' title='bbox 965 579 1079 638; x_wconf 88' lang='lat' dir='ltr'>duabus</span> 
     </span>
     <span class='ocr_line' id='line_1_6' title="bbox 61 667 1119 768; baseline -0.002 -40"><span class='ocrx_word' id='word_1_40' title='bbox 61 669 199 747; x_wconf 85' lang='lat' dir='ltr'>partibus</span> <span class='ocrx_word' id='word_1_41' title='bbox 224 669 370 743; x_wconf 83' lang='lat' dir='ltr'>diametri,</span> <span class='ocrx_word' id='word_1_42' title='bbox 394 687 451 743; x_wconf 91' lang='lat' dir='ltr'>que</span> <span class='ocrx_word' id='word_1_43' title='bbox 474 668 534 726; x_wconf 89' lang='lat' dir='ltr'>sint</span> <span class='ocrx_word' id='word_1_44' title='bbox 557 667 635 725; x_wconf 91' lang='lat' dir='ltr'>linee</span> <span class='ocrx_word' id='word_1_45' title='bbox 658 670 711 768; x_wconf 73' lang='lat' dir='ltr'>de,</span> <span class='ocrx_word' id='word_1_46' title='bbox 734 670 786 743; x_wconf 70' lang='lat' dir='ltr'>de,</span> <span class='ocrx_word' id='word_1_47' title='bbox 814 669 910 744; x_wconf 90' lang='lat' dir='ltr'>sitque</span> <span class='ocrx_word' id='word_1_48' title='bbox 933 669 1012 726; x_wconf 88' lang='lat' dir='ltr'>linea</span> <span class='ocrx_word' id='word_1_49' title='bbox 1036 669 1080 727; x_wconf 83' lang='lat' dir='ltr'>do</span> <span class='ocrx_word' id='word_1_50' title='bbox 1107 680 1119 720; x_wconf 84' lang='lat'>5</span> 
     </span>
     <span class='ocr_line' id='line_1_7' title="bbox 61 756 1081 859; baseline -0.002 -41"><span class='ocrx_word' id='word_1_51' title='bbox 61 758 261 836; x_wconf 85' lang='lat' dir='ltr'>propinquior</span> <span class='ocrx_word' id='word_1_52' title='bbox 289 759 389 816; x_wconf 87' lang='lat' dir='ltr'>centro</span> <span class='ocrx_word' id='word_1_53' title='bbox 417 757 497 815; x_wconf 90' lang='lat' dir='ltr'>linea</span> <span class='ocrx_word' id='word_1_54' title='bbox 521 758 572 815; x_wconf 79' lang='lat' dir='ltr'>de:</span> <span class='ocrx_word' id='word_1_55' title='bbox 600 756 701 815; x_wconf 88' lang='lat' dir='ltr'>dico</span> <span class='ocrx_word' id='word_1_56' title='bbox 693 757 750 834; x_wconf 83' lang='lat' dir='ltr'>igit</span> <span class='ocrx_word' id='word_1_57' title='bbox 751 777 799 831; x_wconf 91' lang='lat' dir='ltr'>ur,</span> <span class='ocrx_word' id='word_1_58' title='bbox 827 759 907 859; x_wconf 88' lang='lat' dir='ltr'>quod</span> <span class='ocrx_word' id='word_1_59' title='bbox 933 758 1013 815; x_wconf 90' lang='lat' dir='ltr'>linea</span> <span class='ocrx_word' id='word_1_60' title='bbox 1037 759 1081 816; x_wconf 83' lang='lat' dir='ltr'>ad</span> 
     </span>
     <span class='ocr_line' id='line_1_8' title="bbox 63 838 1109 921; baseline -0.005 -13"><span class='ocrx_word' id='word_1_61' title='bbox 63 851 111 908; x_wconf 90' lang='lat' dir='ltr'>est</span> <span class='ocrx_word' id='word_1_62' title='bbox 142 847 239 906; x_wconf 91' lang='lat' dir='ltr'>maior</span> <span class='ocrx_word' id='word_1_63' title='bbox 270 847 350 904; x_wconf 89' lang='lat' dir='ltr'>linea</span> <span class='ocrx_word' id='word_1_64' title='bbox 378 847 425 904; x_wconf 83' lang='lat' dir='ltr'>de.</span> <span class='ocrx_word' id='word_1_65' title='bbox 475 845 617 904; x_wconf 89' lang='lat' dir='ltr'>Probatio</span> <span class='ocrx_word' id='word_1_66' title='bbox 651 846 726 921; x_wconf 88' lang='lat' dir='ltr'>eius,</span> <span class='ocrx_word' id='word_1_67' title='bbox 760 848 901 921; x_wconf 92' lang='lat' dir='ltr'>quoniam</span> <span class='ocrx_word' id='word_1_68' title='bbox 930 838 1109 905; x_wconf 84' lang='lat' dir='ltr'>inveniam</span> 
     </span>
     <span class='ocr_line' id='line_1_9' title="bbox 66 934 1080 1010; baseline -0.004 -14"><span class='ocrx_word' id='word_1_69' title='bbox 66 939 206 996; x_wconf 84' lang='lat' dir='ltr'>centrum</span> <span class='ocrx_word' id='word_1_70' title='bbox 234 935 350 1009; x_wconf 91' lang='lat' dir='ltr'>circuli,</span> <span class='ocrx_word' id='word_1_71' title='bbox 379 934 628 1010; x_wconf 91' lang='lat' dir='ltr'>quemadmodum</span> <span class='ocrx_word' id='word_1_72' title='bbox 656 938 808 994; x_wconf 89' lang='lat' dir='ltr'>ostensum</span> <span class='ocrx_word' id='word_1_73' title='bbox 836 939 880 994; x_wconf 92' lang='lat' dir='ltr'>est</span> <span class='ocrx_word' id='word_1_74' title='bbox 867 935 1080 993; x_wconf 88' lang='lat' dir='ltr'>tindebere·</span> 
     </span>
     <span class='ocr_line' id='line_1_10' title="bbox 61 1023 1081 1100; baseline -0.005 -14"><span class='ocrx_word' id='word_1_75' title='bbox 61 1025 162 1086; x_wconf 83' lang='lat' dir='ltr'>veniri</span> <span class='ocrx_word' id='word_1_76' title='bbox 185 1044 220 1083; x_wconf 84' lang='lat' dir='ltr'>ex</span> <span class='ocrx_word' id='word_1_77' title='bbox 242 1023 418 1100; x_wconf 89' lang='lat' dir='ltr'>probatione</span> <span class='ocrx_word' id='word_1_78' title='bbox 441 1023 536 1100; x_wconf 84' lang='lat' dir='ltr'>figure</span> <span class='ocrx_word' id='word_1_79' title='bbox 559 1023 654 1100; x_wconf 92' lang='lat' dir='ltr'>prime</span> <span class='ocrx_word' id='word_1_80' title='bbox 676 1024 764 1082; x_wconf 93' lang='lat' dir='ltr'>huius</span> <span class='ocrx_word' id='word_1_81' title='bbox 785 1024 890 1100; x_wconf 89' lang='lat' dir='ltr'>partis,</span> <span class='ocrx_word' id='word_1_82' title='bbox 913 1027 944 1082; x_wconf 89' lang='lat' dir='ltr'>et</span> <span class='ocrx_word' id='word_1_83' title='bbox 961 1043 1081 1099; x_wconf 91' lang='lat' dir='ltr'>ponam,</span> 
     </span>
     <span class='ocr_line' id='line_1_11' title="bbox 62 1112 1121 1189; baseline -0.003 -16"><span class='ocrx_word' id='word_1_84' title='bbox 62 1119 100 1173; x_wconf 91' lang='lat' dir='ltr'>ut</span> <span class='ocrx_word' id='word_1_85' title='bbox 123 1114 163 1173; x_wconf 88' lang='lat' dir='ltr'>sit</span> <span class='ocrx_word' id='word_1_86' title='bbox 185 1116 332 1189; x_wconf 88' lang='lat' dir='ltr'>punctum</span> <span class='ocrx_word' id='word_1_87' title='bbox 349 1131 374 1188; x_wconf 76' lang='lat' dir='ltr'>a,</span> <span class='ocrx_word' id='word_1_88' title='bbox 397 1130 415 1171; x_wconf 90' lang='lat' dir='ltr'>a</span> <span class='ocrx_word' id='word_1_89' title='bbox 439 1132 498 1188; x_wconf 92' lang='lat' dir='ltr'>quo</span> <span class='ocrx_word' id='word_1_90' title='bbox 523 1112 561 1171; x_wconf 91' lang='lat' dir='ltr'>ad</span> <span class='ocrx_word' id='word_1_91' title='bbox 584 1112 658 1171; x_wconf 88' lang='lat' dir='ltr'>duas</span> <span class='ocrx_word' id='word_1_92' title='bbox 681 1113 776 1171; x_wconf 85' lang='lat' dir='ltr'>lineas</span> <span class='ocrx_word' id='word_1_93' title='bbox 797 1115 841 1172; x_wconf 83' lang='lat' dir='ltr'>ad</span> <span class='ocrx_word' id='word_1_94' title='bbox 859 1116 890 1171; x_wconf 89' lang='lat' dir='ltr'>ot</span> <span class='ocrx_word' id='word_1_95' title='bbox 908 1114 947 1172; x_wconf 83' lang='lat' dir='ltr'>dc</span> <span class='ocrx_word' id='word_1_96' title='bbox 965 1116 1121 1188; x_wconf 82' lang='lat' dir='ltr'>protra-10</span> 
     </span>
     <span class='ocr_line' id='line_1_12' title="bbox 62 1201 1083 1277; baseline -0.001 -16"><span class='ocrx_word' id='word_1_97' title='bbox 62 1205 137 1261; x_wconf 90' lang='lat' dir='ltr'>ham</span> <span class='ocrx_word' id='word_1_98' title='bbox 160 1203 234 1260; x_wconf 89' lang='lat' dir='ltr'>duas</span> <span class='ocrx_word' id='word_1_99' title='bbox 257 1201 515 1277; x_wconf 82' lang='lat' dir='ltr'>perpendiculares</span> <span class='ocrx_word' id='word_1_100' title='bbox 538 1202 577 1261; x_wconf 74' lang='lat' dir='ltr'>ab</span> <span class='ocrx_word' id='word_1_101' title='bbox 601 1204 631 1258; x_wconf 90' lang='lat' dir='ltr'>et</span> <span class='ocrx_word' id='word_1_102' title='bbox 652 1205 696 1275; x_wconf 71' lang='lat' dir='ltr'>rt,</span> <span class='ocrx_word' id='word_1_103' title='bbox 721 1201 799 1260; x_wconf 91' lang='lat' dir='ltr'>siout</span> <span class='ocrx_word' id='word_1_104' title='bbox 821 1202 1014 1260; x_wconf 87' lang='lat' dir='ltr'>manifestum</span> <span class='ocrx_word' id='word_1_105' title='bbox 1037 1205 1083 1260; x_wconf 91' lang='lat' dir='ltr'>est</span> 
     </span>
     <span class='ocr_line' id='line_1_13' title="bbox 62 1289 1082 1369; baseline -0.004 -17"><span class='ocrx_word' id='word_1_106' title='bbox 62 1310 153 1369; x_wconf 88' lang='lat' dir='ltr'>posse</span> <span class='ocrx_word' id='word_1_107' title='bbox 176 1291 314 1368; x_wconf 75' lang='lat' dir='ltr'>protrahi</span> <span class='ocrx_word' id='word_1_108' title='bbox 337 1309 372 1348; x_wconf 86' lang='lat' dir='ltr'>ex</span> <span class='ocrx_word' id='word_1_109' title='bbox 394 1289 570 1365; x_wconf 88' lang='lat' dir='ltr'>probatione</span> <span class='ocrx_word' id='word_1_110' title='bbox 592 1289 686 1366; x_wconf 87' lang='lat' dir='ltr'>figure</span> <span class='ocrx_word' id='word_1_111' title='bbox 707 1292 760 1348; x_wconf 75' lang='grc' dir='ltr'>13θ</span> <span class='ocrx_word' id='word_1_112' title='bbox 783 1290 878 1366; x_wconf 82' lang='lat' dir='ltr'>partis</span> <span class='ocrx_word' id='word_1_113' title='bbox 901 1291 1004 1366; x_wconf 90' lang='lat' dir='ltr'>prime.</span> <span class='ocrx_word' id='word_1_114' title='bbox 1042 1291 1082 1348; x_wconf 83' lang='lat' dir='ltr'>Et</span> 
     </span>
     <span class='ocr_line' id='line_1_14' title="bbox 63 1378 1081 1458; baseline -0.002 -19"><span class='ocrx_word' id='word_1_115' title='bbox 63 1381 141 1458; x_wconf 93' lang='lat' dir='ltr'>quia</span> <span class='ocrx_word' id='word_1_116' title='bbox 158 1381 238 1438; x_wconf 88' lang='lat' dir='ltr'>linea</span> <span class='ocrx_word' id='word_1_117' title='bbox 257 1381 298 1438; x_wconf 83' lang='lat' dir='ltr'>ab</span> <span class='ocrx_word' id='word_1_118' title='bbox 318 1382 363 1438; x_wconf 91' lang='lat' dir='ltr'>est</span> <span class='ocrx_word' id='word_1_119' title='bbox 380 1378 592 1455; x_wconf 90' lang='lat' dir='ltr'>proprinquior</span> <span class='ocrx_word' id='word_1_120' title='bbox 609 1380 719 1454; x_wconf 88' lang='lat' dir='ltr'>puncto</span> <span class='ocrx_word' id='word_1_121' title='bbox 738 1396 762 1452; x_wconf 68' lang='lat' dir='ltr'>a,</span> <span class='ocrx_word' id='word_1_122' title='bbox 781 1378 861 1453; x_wconf 92' lang='lat' dir='ltr'>quod</span> <span class='ocrx_word' id='word_1_123' title='bbox 879 1382 925 1438; x_wconf 91' lang='lat' dir='ltr'>est</span> <span class='ocrx_word' id='word_1_124' title='bbox 938 1382 1081 1451; x_wconf 83' lang='lat' dir='ltr'>centrum,</span> 
     </span>
     <span class='ocr_line' id='line_1_15' title="bbox 64 1467 1082 1545; baseline -0.005 -16"><span class='ocrx_word' id='word_1_125' title='bbox 64 1471 149 1529; x_wconf 85' lang='lat' dir='ltr'>linea</span> <span class='ocrx_word' id='word_1_126' title='bbox 167 1471 216 1543; x_wconf 83' lang='lat' dir='ltr'>de,</span> <span class='ocrx_word' id='word_1_127' title='bbox 240 1487 310 1545; x_wconf 84' lang='lat' dir='ltr'>ergo</span> <span class='ocrx_word' id='word_1_128' title='bbox 333 1467 586 1543; x_wconf 84' lang='lat' dir='ltr'>perpendicularis</span> <span class='ocrx_word' id='word_1_129' title='bbox 605 1468 643 1526; x_wconf 69' lang='lat' dir='ltr'>ab</span> <span class='ocrx_word' id='word_1_130' title='bbox 668 1470 713 1526; x_wconf 89' lang='lat' dir='ltr'>est</span> <span class='ocrx_word' id='word_1_131' title='bbox 730 1467 826 1525; x_wconf 92' lang='lat' dir='ltr'>maior</span> <span class='ocrx_word' id='word_1_132' title='bbox 844 1467 1082 1543; x_wconf 87' lang='lat' dir='ltr'>perpendiculari</span> 
     </span>
     <span class='ocr_line' id='line_1_16' title="bbox 62 1556 1121 1634; baseline -0.009 -15"><span class='ocrx_word' id='word_1_133' title='bbox 62 1563 110 1634; x_wconf 69' lang='lat' dir='ltr'>at,</span> <span class='ocrx_word' id='word_1_134' title='bbox 144 1561 174 1617; x_wconf 90' lang='lat' dir='ltr'>et</span> <span class='ocrx_word' id='word_1_135' title='bbox 206 1557 311 1632; x_wconf 88' lang='lat' dir='ltr'>etiam,</span> <span class='ocrx_word' id='word_1_136' title='bbox 343 1557 414 1632; x_wconf 91' lang='lat' dir='ltr'>quia</span> <span class='ocrx_word' id='word_1_137' title='bbox 446 1556 626 1632; x_wconf 89' lang='lat' dir='ltr'>quadratum</span> <span class='ocrx_word' id='word_1_138' title='bbox 656 1556 733 1614; x_wconf 86' lang='lat' dir='ltr'>lineo</span> <span class='ocrx_word' id='word_1_139' title='bbox 761 1558 803 1616; x_wconf 83' lang='lat' dir='ltr'>db</span> <span class='ocrx_word' id='word_1_140' title='bbox 835 1575 904 1614; x_wconf 94' lang='lat' dir='ltr'>cum</span> <span class='ocrx_word' id='word_1_141' title='bbox 935 1556 1121 1632; x_wconf 76' lang='lat' dir='ltr'>quadratura</span> 
     </span>
     <span class='ocr_line' id='line_1_17' title="bbox 63 1645 1082 1722; baseline -0.005 -15"><span class='ocrx_word' id='word_1_142' title='bbox 63 1649 144 1707; x_wconf 91' lang='lat' dir='ltr'>linee</span> <span class='ocrx_word' id='word_1_143' title='bbox 175 1648 215 1707; x_wconf 72' lang='lat' dir='ltr'>ba</span> <span class='ocrx_word' id='word_1_144' title='bbox 248 1649 292 1706; x_wconf 92' lang='lat' dir='ltr'>est</span> <span class='ocrx_word' id='word_1_145' title='bbox 324 1646 428 1722; x_wconf 88' lang='lat' dir='ltr'>equale</span> <span class='ocrx_word' id='word_1_146' title='bbox 462 1645 607 1721; x_wconf 84' lang='lat' dir='ltr'>quadrato</span> <span class='ocrx_word' id='word_1_147' title='bbox 640 1645 716 1704; x_wconf 90' lang='lat' dir='ltr'>linee</span> <span class='ocrx_word' id='word_1_148' title='bbox 749 1648 801 1721; x_wconf 78' lang='lat' dir='ltr'>da,</span> <span class='ocrx_word' id='word_1_149' title='bbox 833 1645 914 1722; x_wconf 93' lang='lat' dir='ltr'>quod</span> <span class='ocrx_word' id='word_1_150' title='bbox 946 1645 1082 1720; x_wconf 93' lang='lat' dir='ltr'>equidem</span> 
     </span>
     <span class='ocr_line' id='line_1_18' title="bbox 63 1734 1081 1811; baseline -0.005 -14"><span class='ocrx_word' id='word_1_151' title='bbox 63 1737 186 1797; x_wconf 86' lang='lat' dir='ltr'>constat</span> <span class='ocrx_word' id='word_1_152' title='bbox 218 1735 378 1795; x_wconf 88' lang='lat' dir='ltr'>secundum</span> <span class='ocrx_word' id='word_1_153' title='bbox 410 1735 616 1811; x_wconf 89' lang='lat' dir='ltr'>probationem</span> <span class='ocrx_word' id='word_1_154' title='bbox 647 1734 740 1811; x_wconf 84' lang='lat' dir='ltr'>figure</span> <span class='ocrx_word' id='word_1_155' title='bbox 764 1737 819 1794; x_wconf 74' lang='grc'>468</span> <span class='ocrx_word' id='word_1_156' title='bbox 847 1735 941 1811; x_wconf 85' lang='lat' dir='ltr'>prime</span> <span class='ocrx_word' id='word_1_157' title='bbox 973 1734 1081 1810; x_wconf 81' lang='lat' dir='ltr'>partis3</span> 
     </span>
     <span class='ocr_line' id='line_1_19' title="bbox 64 1823 1081 1900; baseline -0.003 -15"><span class='ocrx_word' id='word_1_158' title='bbox 64 1829 98 1885; x_wconf 90' lang='lat' dir='ltr'>et</span> <span class='ocrx_word' id='word_1_159' title='bbox 124 1824 264 1883; x_wconf 87' lang='lat' dir='ltr'>similiter</span> <span class='ocrx_word' id='word_1_160' title='bbox 289 1824 470 1900; x_wconf 81' lang='lat' dir='ltr'>quadratum</span> <span class='ocrx_word' id='word_1_161' title='bbox 492 1825 605 1883; x_wconf 86' lang='lat' dir='ltr'>factum</span> <span class='ocrx_word' id='word_1_162' title='bbox 628 1843 663 1882; x_wconf 83' lang='lat' dir='ltr'>ex</span> <span class='ocrx_word' id='word_1_163' title='bbox 685 1824 765 1882; x_wconf 88' lang='lat' dir='ltr'>linea</span> <span class='ocrx_word' id='word_1_164' title='bbox 788 1826 824 1883; x_wconf 81' lang='lat' dir='ltr'>dt</span> <span class='ocrx_word' id='word_1_165' title='bbox 847 1843 913 1884; x_wconf 89' lang='lat' dir='ltr'>oum</span> <span class='ocrx_word' id='word_1_166' title='bbox 936 1823 1081 1900; x_wconf 89' lang='lat' dir='ltr'>quadrato</span> 
     </span>
     <span class='ocr_line' id='line_1_20' title="bbox 63 1913 1082 1989; baseline 0.001 -17"><span class='ocrx_word' id='word_1_167' title='bbox 63 1916 148 1972; x_wconf 86' lang='lat' dir='ltr'>facto</span> <span class='ocrx_word' id='word_1_168' title='bbox 176 1933 212 1971; x_wconf 82' lang='lat' dir='ltr'>ex</span> <span class='ocrx_word' id='word_1_169' title='bbox 240 1913 376 1970; x_wconf 90' lang='lat' dir='ltr'>linea</span> <span class='ocrx_word' id='word_1_170' title='bbox 343 1917 376 1973; x_wconf 72' lang='lat' dir='ltr'>r</span> <span class='ocrx_word' id='word_1_171' title='bbox 398 1917 442 1971; x_wconf 89' lang='lat' dir='ltr'>est</span> <span class='ocrx_word' id='word_1_172' title='bbox 466 1914 570 1989; x_wconf 89' lang='lat' dir='ltr'>equale</span> <span class='ocrx_word' id='word_1_173' title='bbox 594 1913 741 1988; x_wconf 90' lang='lat' dir='ltr'>quadrato</span> <span class='ocrx_word' id='word_1_174' title='bbox 764 1915 845 1972; x_wconf 80' lang='lat' dir='ltr'>facto</span> <span class='ocrx_word' id='word_1_175' title='bbox 869 1934 904 1972; x_wconf 86' lang='lat' dir='ltr'>ex</span> <span class='ocrx_word' id='word_1_176' title='bbox 926 1914 1006 1972; x_wconf 89' lang='lat' dir='ltr'>linea</span> <span class='ocrx_word' id='word_1_177' title='bbox 1030 1914 1082 1973; x_wconf 69' lang='lat' dir='ltr'>da:</span> 
     </span>
     <span class='ocr_line' id='line_1_21' title="bbox 66 2001 1122 2080; baseline -0.001 -19"><span class='ocrx_word' id='word_1_178' title='bbox 66 2021 140 2080; x_wconf 85' lang='lat' dir='ltr'>ergo</span> <span class='ocrx_word' id='word_1_179' title='bbox 164 2001 333 2062; x_wconf 87' lang='lat' dir='ltr'>coniunctio</span> <span class='ocrx_word' id='word_1_180' title='bbox 357 2001 483 2061; x_wconf 91' lang='lat' dir='ltr'>duorum</span> <span class='ocrx_word' id='word_1_181' title='bbox 505 2002 719 2077; x_wconf 88' lang='lat' dir='ltr'>quadratorum</span> <span class='ocrx_word' id='word_1_182' title='bbox 738 2004 780 2061; x_wconf 79' lang='lat' dir='ltr'>db</span> <span class='ocrx_word' id='word_1_183' title='bbox 799 2006 829 2061; x_wconf 88' lang='lat' dir='ltr'>et</span> <span class='ocrx_word' id='word_1_184' title='bbox 845 2005 885 2064; x_wconf 71' lang='lat' dir='ltr'>ba</span> <span class='ocrx_word' id='word_1_185' title='bbox 904 2007 949 2062; x_wconf 89' lang='lat' dir='ltr'>est</span> <span class='ocrx_word' id='word_1_186' title='bbox 967 2002 1082 2078; x_wconf 86' lang='lat' dir='ltr'>equalis</span> <span class='ocrx_word' id='word_1_187' title='bbox 1097 2014 1122 2053; x_wconf 78' lang='lat'>20</span> 
     </span>
     <span class='ocr_line' id='line_1_22' title="bbox 66 2090 1082 2168; baseline -0.003 -16"><span class='ocrx_word' id='word_1_188' title='bbox 66 2090 272 2152; x_wconf 85' lang='lat' dir='ltr'>coniunctioni</span> <span class='ocrx_word' id='word_1_189' title='bbox 290 2090 416 2148; x_wconf 91' lang='lat' dir='ltr'>duorum</span> <span class='ocrx_word' id='word_1_190' title='bbox 433 2091 697 2165; x_wconf 87' lang='lat' dir='ltr'>quadratorum</span> <span class='ocrx_word' id='word_1_191' title='bbox 661 2093 697 2150; x_wconf 82' lang='lat' dir='ltr'>cl</span> <span class='ocrx_word' id='word_1_192' title='bbox 710 2094 792 2152; x_wconf 70' lang='lat' dir='ltr'>etta.</span> <span class='ocrx_word' id='word_1_193' title='bbox 830 2091 888 2150; x_wconf 85' lang='lat' dir='ltr'>Sed</span> <span class='ocrx_word' id='word_1_194' title='bbox 903 2092 1082 2168; x_wconf 91' lang='lat' dir='ltr'>quadratum</span> 
     </span>
     <span class='ocr_line' id='line_1_23' title="bbox 64 2179 1081 2258; baseline -0.002 -18"><span class='ocrx_word' id='word_1_195' title='bbox 64 2181 147 2240; x_wconf 87' lang='lat' dir='ltr'>lineo</span> <span class='ocrx_word' id='word_1_196' title='bbox 169 2180 209 2239; x_wconf 72' lang='lat' dir='ltr'>ab</span> <span class='ocrx_word' id='word_1_197' title='bbox 237 2181 282 2238; x_wconf 91' lang='lat' dir='ltr'>est</span> <span class='ocrx_word' id='word_1_198' title='bbox 304 2179 402 2237; x_wconf 86' lang='lat' dir='ltr'>minus</span> <span class='ocrx_word' id='word_1_199' title='bbox 425 2179 573 2254; x_wconf 89' lang='lat' dir='ltr'>quadrato</span> <span class='ocrx_word' id='word_1_200' title='bbox 596 2179 708 2238; x_wconf 82' lang='lat' dir='ltr'>lineet</span> <span class='ocrx_word' id='word_1_201' title='bbox 697 2184 740 2255; x_wconf 58' lang='grc' dir='ltr'>ἰῆς</span> <span class='ocrx_word' id='word_1_202' title='bbox 768 2199 835 2238; x_wconf 92' lang='lat' dir='ltr'>oum</span> <span class='ocrx_word' id='word_1_203' title='bbox 858 2200 928 2258; x_wconf 86' lang='lat' dir='ltr'>ergo</span> <span class='ocrx_word' id='word_1_204' title='bbox 952 2199 1081 2239; x_wconf 85' lang='lat' dir='ltr'>remove-</span> 
     </span>
     <span class='ocr_line' id='line_1_24' title="bbox 64 2268 1082 2344; baseline -0.001 -16"><span class='ocrx_word' id='word_1_205' title='bbox 64 2269 166 2328; x_wconf 90' lang='lat' dir='ltr'>bimus</span> <span class='ocrx_word' id='word_1_206' title='bbox 190 2286 235 2344; x_wconf 89' lang='lat' dir='ltr'>ea,</span> <span class='ocrx_word' id='word_1_207' title='bbox 257 2268 423 2326; x_wconf 90' lang='lat' dir='ltr'>remanebit</span> <span class='ocrx_word' id='word_1_208' title='bbox 445 2268 626 2344; x_wconf 92' lang='lat' dir='ltr'>quadratum</span> <span class='ocrx_word' id='word_1_209' title='bbox 648 2268 726 2328; x_wconf 87' lang='lat' dir='ltr'>linae</span> <span class='ocrx_word' id='word_1_210' title='bbox 749 2270 791 2328; x_wconf 78' lang='lat' dir='ltr'>db</span> <span class='ocrx_word' id='word_1_211' title='bbox 814 2269 911 2328; x_wconf 89' lang='lat' dir='ltr'>maius</span> <span class='ocrx_word' id='word_1_212' title='bbox 936 2269 1082 2344; x_wconf 91' lang='lat' dir='ltr'>quadrato</span> 
     </span>
     <span class='ocr_line' id='line_1_25' title="bbox 64 2357 1083 2434; baseline -0.003 -16"><span class='ocrx_word' id='word_1_213' title='bbox 64 2359 146 2418; x_wconf 85' lang='lat' dir='ltr'>linea</span> <span class='ocrx_word' id='word_1_214' title='bbox 173 2359 222 2432; x_wconf 84' lang='lat' dir='ltr'>dt,</span> <span class='ocrx_word' id='word_1_215' title='bbox 250 2376 320 2434; x_wconf 85' lang='lat' dir='ltr'>ergo</span> <span class='ocrx_word' id='word_1_216' title='bbox 349 2357 428 2414; x_wconf 89' lang='lat' dir='ltr'>linea</span> <span class='ocrx_word' id='word_1_217' title='bbox 456 2357 499 2415; x_wconf 81' lang='lat' dir='ltr'>db</span> <span class='ocrx_word' id='word_1_218' title='bbox 515 2359 571 2415; x_wconf 86' lang='lat' dir='ltr'>est</span> <span class='ocrx_word' id='word_1_219' title='bbox 598 2357 694 2415; x_wconf 90' lang='lat' dir='ltr'>maior</span> <span class='ocrx_word' id='word_1_220' title='bbox 720 2359 800 2416; x_wconf 90' lang='lat' dir='ltr'>linea</span> <span class='ocrx_word' id='word_1_221' title='bbox 827 2359 870 2416; x_wconf 82' lang='lat' dir='ltr'>dt.</span> <span class='ocrx_word' id='word_1_222' title='bbox 915 2358 956 2415; x_wconf 82' lang='lat' dir='ltr'>Et</span> <span class='ocrx_word' id='word_1_223' title='bbox 983 2359 1083 2431; x_wconf 90' lang='lat' dir='ltr'>etiam,</span> 
     </span>
     <span class='ocr_line' id='line_1_26' title="bbox 65 2445 1122 2525; baseline -0.001 -20"><span class='ocrx_word' id='word_1_224' title='bbox 65 2447 139 2525; x_wconf 91' lang='lat' dir='ltr'>quia</span> <span class='ocrx_word' id='word_1_225' title='bbox 166 2447 249 2504; x_wconf 89' lang='lat' dir='ltr'>linea</span> <span class='ocrx_word' id='word_1_226' title='bbox 271 2464 310 2506; x_wconf 76' lang='lat' dir='ltr'>aa</span> <span class='ocrx_word' id='word_1_227' title='bbox 333 2448 379 2504; x_wconf 88' lang='lat' dir='ltr'>est</span> <span class='ocrx_word' id='word_1_228' title='bbox 402 2445 517 2521; x_wconf 88' lang='lat' dir='ltr'>equalis</span> <span class='ocrx_word' id='word_1_229' title='bbox 540 2445 618 2504; x_wconf 90' lang='lat' dir='ltr'>linee</span> <span class='ocrx_word' id='word_1_230' title='bbox 641 2463 689 2522; x_wconf 76' lang='lat' dir='ltr'>ae,</span> <span class='ocrx_word' id='word_1_231' title='bbox 715 2446 856 2522; x_wconf 90' lang='lat' dir='ltr'>quoniam</span> <span class='ocrx_word' id='word_1_232' title='bbox 880 2465 898 2504; x_wconf 98' lang='lat' dir='ltr'>a</span> <span class='ocrx_word' id='word_1_233' title='bbox 920 2449 1021 2504; x_wconf 90' lang='lat' dir='ltr'>centro</span> <span class='ocrx_word' id='word_1_234' title='bbox 1045 2447 1083 2504; x_wconf 91' lang='lat' dir='ltr'>ad</span> <span class='ocrx_word' id='word_1_235' title='bbox 1097 2457 1122 2497; x_wconf 76' lang='lat'>2⁵</span> 
     </span>
     <span class='ocr_line' id='line_1_27' title="bbox 65 2534 1083 2610; baseline -0.004 -14"><span class='ocrx_word' id='word_1_236' title='bbox 65 2535 326 2596; x_wconf 88' lang='lat' dir='ltr'>circonferentiam</span> <span class='ocrx_word' id='word_1_237' title='bbox 368 2537 437 2594; x_wconf 89' lang='lat' dir='ltr'>sunt</span> <span class='ocrx_word' id='word_1_238' title='bbox 477 2537 640 2610; x_wconf 85' lang='lat' dir='ltr'>protracte,</span> <span class='ocrx_word' id='word_1_239' title='bbox 682 2537 712 2592; x_wconf 94' lang='lat' dir='ltr'>et</span> <span class='ocrx_word' id='word_1_240' title='bbox 752 2534 920 2593; x_wconf 87' lang='lat' dir='ltr'>coniunctio</span> <span class='ocrx_word' id='word_1_241' title='bbox 957 2535 1083 2593; x_wconf 91' lang='lat' dir='ltr'>duorum</span> 
     </span>
     <span class='ocr_line' id='line_1_28' title="bbox 65 2623 1083 2703; baseline -0.001 -19"><span class='ocrx_word' id='word_1_242' title='bbox 65 2625 297 2703; x_wconf 87' lang='lat' dir='ltr'>quadratorum,</span> <span class='ocrx_word' id='word_1_243' title='bbox 326 2643 382 2699; x_wconf 91' lang='lat' dir='ltr'>que</span> <span class='ocrx_word' id='word_1_244' title='bbox 409 2623 486 2682; x_wconf 90' lang='lat' dir='ltr'>fiunt</span> <span class='ocrx_word' id='word_1_245' title='bbox 514 2643 549 2680; x_wconf 84' lang='lat' dir='ltr'>ex</span> <span class='ocrx_word' id='word_1_246' title='bbox 576 2624 662 2682; x_wconf 90' lang='lat' dir='ltr'>lineis</span> <span class='ocrx_word' id='word_1_247' title='bbox 690 2624 728 2684; x_wconf 73' lang='lat' dir='ltr'>ab</span> <span class='ocrx_word' id='word_1_248' title='bbox 757 2626 787 2681; x_wconf 90' lang='lat' dir='ltr'>et</span> <span class='ocrx_word' id='word_1_249' title='bbox 812 2624 868 2697; x_wconf 82' lang='lat' dir='ltr'>hc,</span> <span class='ocrx_word' id='word_1_250' title='bbox 896 2627 941 2683; x_wconf 91' lang='lat' dir='ltr'>est</span> <span class='ocrx_word' id='word_1_251' title='bbox 969 2625 1083 2699; x_wconf 89' lang='lat' dir='ltr'>equalis</span> 
     </span>
     <span class='ocr_line' id='line_1_29' title="bbox 66 2712 1082 2792; baseline -0.003 -18"><span class='ocrx_word' id='word_1_252' title='bbox 66 2715 217 2792; x_wconf 90' lang='lat' dir='ltr'>quadrato</span> <span class='ocrx_word' id='word_1_253' title='bbox 241 2714 322 2772; x_wconf 86' lang='lat' dir='ltr'>facto</span> <span class='ocrx_word' id='word_1_254' title='bbox 346 2732 381 2771; x_wconf 84' lang='lat' dir='ltr'>ex</span> <span class='ocrx_word' id='word_1_255' title='bbox 403 2712 483 2770; x_wconf 90' lang='lat' dir='ltr'>linea</span> <span class='ocrx_word' id='word_1_256' title='bbox 501 2731 554 2787; x_wconf 74' lang='lat' dir='ltr'>ao3</span> <span class='ocrx_word' id='word_1_257' title='bbox 578 2716 608 2770; x_wconf 91' lang='lat' dir='ltr'>et</span> <span class='ocrx_word' id='word_1_258' title='bbox 627 2712 794 2771; x_wconf 89' lang='lat' dir='ltr'>coniunctio</span> <span class='ocrx_word' id='word_1_259' title='bbox 814 2712 939 2770; x_wconf 92' lang='lat' dir='ltr'>duorum</span> <span class='ocrx_word' id='word_1_260' title='bbox 957 2714 1082 2789; x_wconf 89' lang='lat' dir='ltr'>quadra·</span> 
     </span>
     <span class='ocr_line' id='line_1_30' title="bbox 69 2801 1083 2878; baseline -0.004 -14"><span class='ocrx_word' id='word_1_261' title='bbox 69 2809 185 2878; x_wconf 88' lang='lat' dir='ltr'>torum,</span> <span class='ocrx_word' id='word_1_262' title='bbox 215 2821 273 2878; x_wconf 93' lang='lat' dir='ltr'>que</span> <span class='ocrx_word' id='word_1_263' title='bbox 299 2801 376 2860; x_wconf 89' lang='lat' dir='ltr'>fiunt</span> <span class='ocrx_word' id='word_1_264' title='bbox 404 2821 439 2860; x_wconf 87' lang='lat' dir='ltr'>ex</span> <span class='ocrx_word' id='word_1_265' title='bbox 467 2801 581 2860; x_wconf 87' lang='lat' dir='ltr'>duabus</span> <span class='ocrx_word' id='word_1_266' title='bbox 607 2802 694 2860; x_wconf 87' lang='lat' dir='ltr'>lineis</span> <span class='ocrx_word' id='word_1_267' title='bbox 716 2806 749 2862; x_wconf 74' lang='lat' dir='ltr'>at</span> <span class='ocrx_word' id='word_1_268' title='bbox 775 2804 805 2859; x_wconf 90' lang='lat' dir='ltr'>et</span> <span class='ocrx_word' id='word_1_269' title='bbox 828 2805 870 2876; x_wconf 84' lang='lat' dir='ltr'>te,</span> <span class='ocrx_word' id='word_1_270' title='bbox 899 2805 943 2860; x_wconf 90' lang='lat' dir='ltr'>est</span> <span class='ocrx_word' id='word_1_271' title='bbox 968 2803 1083 2878; x_wconf 88' lang='lat' dir='ltr'>equalis</span> 
     </span>
     <span class='ocr_line' id='line_1_31' title="bbox 67 2890 1123 2970; baseline -0.002 -20"><span class='ocrx_word' id='word_1_272' title='bbox 67 2892 216 2970; x_wconf 89' lang='lat' dir='ltr'>quadrato</span> <span class='ocrx_word' id='word_1_273' title='bbox 252 2892 333 2949; x_wconf 78' lang='lat' dir='ltr'>laeto</span> <span class='ocrx_word' id='word_1_274' title='bbox 372 2911 406 2949; x_wconf 86' lang='lat' dir='ltr'>ex</span> <span class='ocrx_word' id='word_1_275' title='bbox 442 2890 523 2948; x_wconf 89' lang='lat' dir='ltr'>linea</span> <span class='ocrx_word' id='word_1_276' title='bbox 558 2909 606 2950; x_wconf 76' lang='lat' dir='ltr'>ac:</span> <span class='ocrx_word' id='word_1_277' title='bbox 644 2911 713 2968; x_wconf 86' lang='lat' dir='ltr'>ergo</span> <span class='ocrx_word' id='word_1_278' title='bbox 751 2890 919 2949; x_wconf 85' lang='lat' dir='ltr'>coniunctio</span> <span class='ocrx_word' id='word_1_279' title='bbox 957 2891 1083 2949; x_wconf 84' lang='lat' dir='ltr'>duorum</span> <span class='ocrx_word' id='word_1_280' title='bbox 1097 2904 1123 2943; x_wconf 76' lang='lat'>30</span> 
     </span>
     <span class='ocr_line' id='line_1_32' title="bbox 67 2979 1083 3058; baseline -0.001 -19"><span class='ocrx_word' id='word_1_281' title='bbox 67 2981 299 3058; x_wconf 83' lang='lat' dir='ltr'>quadratorum,</span> <span class='ocrx_word' id='word_1_282' title='bbox 332 2999 390 3055; x_wconf 91' lang='lat' dir='ltr'>que</span> <span class='ocrx_word' id='word_1_283' title='bbox 421 2980 499 3038; x_wconf 88' lang='lat' dir='ltr'>fiunt</span> <span class='ocrx_word' id='word_1_284' title='bbox 528 2997 563 3037; x_wconf 85' lang='lat' dir='ltr'>ex</span> <span class='ocrx_word' id='word_1_285' title='bbox 591 2979 706 3038; x_wconf 90' lang='lat' dir='ltr'>duabus</span> <span class='ocrx_word' id='word_1_286' title='bbox 734 2979 820 3038; x_wconf 90' lang='lat' dir='ltr'>lineis</span> <span class='ocrx_word' id='word_1_287' title='bbox 847 2983 880 3040; x_wconf 75' lang='lat' dir='ltr'>at</span> <span class='ocrx_word' id='word_1_288' title='bbox 907 2982 937 3038; x_wconf 89' lang='lat' dir='ltr'>et</span> <span class='ocrx_word' id='word_1_289' title='bbox 963 2984 1006 3054; x_wconf 85' lang='lat' dir='ltr'>te,</span> <span class='ocrx_word' id='word_1_290' title='bbox 1039 2983 1083 3038; x_wconf 90' lang='lat' dir='ltr'>est</span> 
     </span>
     <span class='ocr_line' id='line_1_33' title="bbox 65 3068 1083 3146; baseline -0.004 -16"><span class='ocrx_word' id='word_1_291' title='bbox 65 3069 186 3146; x_wconf 84' lang='lat' dir='ltr'>equalis</span> <span class='ocrx_word' id='word_1_292' title='bbox 216 3068 419 3128; x_wconf 87' lang='lat' dir='ltr'>coniunctioni</span> <span class='ocrx_word' id='word_1_293' title='bbox 447 3069 572 3127; x_wconf 91' lang='lat' dir='ltr'>duorum</span> <span class='ocrx_word' id='word_1_294' title='bbox 599 3069 827 3144; x_wconf 86' lang='lat' dir='ltr'>quadratorum,</span> <span class='ocrx_word' id='word_1_295' title='bbox 859 3087 916 3144; x_wconf 92' lang='lat' dir='ltr'>que</span> <span class='ocrx_word' id='word_1_296' title='bbox 943 3068 1020 3127; x_wconf 91' lang='lat' dir='ltr'>fiunt</span> <span class='ocrx_word' id='word_1_297' title='bbox 1048 3088 1083 3126; x_wconf 86' lang='lat' dir='ltr'>ex</span> 
     </span>
     <span class='ocr_line' id='line_1_34' title="bbox 64 3157 1083 3232; baseline -0.003 -13"><span class='ocrx_word' id='word_1_298' title='bbox 64 3159 182 3219; x_wconf 88' lang='lat' dir='ltr'>duabus</span> <span class='ocrx_word' id='word_1_299' title='bbox 213 3157 301 3217; x_wconf 86' lang='lat' dir='ltr'>lineis</span> <span class='ocrx_word' id='word_1_300' title='bbox 328 3159 367 3217; x_wconf 71' lang='lat' dir='ltr'>ab</span> <span class='ocrx_word' id='word_1_301' title='bbox 400 3160 430 3216; x_wconf 90' lang='lat' dir='ltr'>et</span> <span class='ocrx_word' id='word_1_302' title='bbox 455 3159 508 3216; x_wconf 82' lang='lat' dir='ltr'>bc.</span> <span class='ocrx_word' id='word_1_303' title='bbox 560 3157 618 3216; x_wconf 84' lang='lat' dir='ltr'>Sed</span> <span class='ocrx_word' id='word_1_304' title='bbox 648 3158 829 3232; x_wconf 90' lang='lat' dir='ltr'>quadratum</span> <span class='ocrx_word' id='word_1_305' title='bbox 856 3163 888 3218; x_wconf 74' lang='lat' dir='ltr'>ta</span> <span class='ocrx_word' id='word_1_306' title='bbox 916 3161 960 3216; x_wconf 89' lang='lat' dir='ltr'>est</span> <span class='ocrx_word' id='word_1_307' title='bbox 987 3157 1083 3216; x_wconf 88' lang='lat' dir='ltr'>maius</span> 
     </span>
     <span class='ocr_line' id='line_1_35' title="bbox 64 3245 1083 3326; baseline -0.003 -19"><span class='ocrx_word' id='word_1_308' title='bbox 64 3248 215 3326; x_wconf 87' lang='lat' dir='ltr'>quadrato</span> <span class='ocrx_word' id='word_1_309' title='bbox 237 3248 286 3321; x_wconf 74' lang='lat' dir='ltr'>ab,</span> <span class='ocrx_word' id='word_1_310' title='bbox 308 3249 443 3305; x_wconf 89' lang='lat' dir='ltr'>remanet</span> <span class='ocrx_word' id='word_1_311' title='bbox 466 3266 536 3324; x_wconf 81' lang='lat' dir='ltr'>ergo</span> <span class='ocrx_word' id='word_1_312' title='bbox 560 3245 741 3322; x_wconf 86' lang='lat' dir='ltr'>quadratum</span> <span class='ocrx_word' id='word_1_313' title='bbox 758 3249 871 3306; x_wconf 87' lang='lat' dir='ltr'>factum</span> <span class='ocrx_word' id='word_1_314' title='bbox 890 3267 925 3305; x_wconf 87' lang='lat' dir='ltr'>ex</span> <span class='ocrx_word' id='word_1_315' title='bbox 942 3247 1022 3305; x_wconf 90' lang='lat' dir='ltr'>linea</span> <span class='ocrx_word' id='word_1_316' title='bbox 1041 3249 1083 3306; x_wconf 79' lang='lat' dir='ltr'>ab</span> 
     </span>
    </p>
   </div>
   <div class='ocr_carea' id='block_1_3' title="bbox 63 3449 1083 3595">
    <p class='ocr_par' dir='ltr' id='par_1_3' title="bbox 63 3449 1083 3595">
     <span class='ocr_line' id='line_1_36' title="bbox 139 3449 1083 3532; baseline -0.004 -24"><span class='ocrx_word' id='word_1_317' title='bbox 139 3459 164 3509; x_wconf 74' lang='lat'>2.</span> <span class='ocrx_word' id='word_1_318' title='bbox 184 3452 331 3532; x_wconf 83' lang='lat' dir='ltr'>circulum]</span> <span class='ocrx_word' id='word_1_319' title='bbox 346 3453 480 3532; x_wconf 81' lang='lat' dir='ltr'>centrum.</span> <span class='ocrx_word' id='word_1_320' title='bbox 501 3483 535 3492; x_wconf 98' lang='lat'><em>-</em></span> <span class='ocrx_word' id='word_1_321' title='bbox 556 3457 579 3506; x_wconf 77' lang='lat'>7.</span> <span class='ocrx_word' id='word_1_322' title='bbox 595 3468 661 3521; x_wconf 88' lang='lat' dir='ltr'>ergo</span> <span class='ocrx_word' id='word_1_323' title='bbox 676 3453 726 3505; x_wconf 90' lang='lat' dir='ltr'>est.</span> <span class='ocrx_word' id='word_1_324' title='bbox 743 3483 775 3491; x_wconf 96' lang='lat'><em>-</em></span> <span class='ocrx_word' id='word_1_325' title='bbox 792 3457 834 3505; x_wconf 79' lang='lat'>26.</span> <span class='ocrx_word' id='word_1_326' title='bbox 850 3451 899 3504; x_wconf 87' lang='lat' dir='ltr'>sed</span> <span class='ocrx_word' id='word_1_327' title='bbox 913 3449 1083 3505; x_wconf 89' lang='lat' dir='ltr'>coniunctio.</span> 
     </span>
     <span class='ocr_line' id='line_1_37' title="bbox 63 3525 438 3595; baseline -0.005 -15"><span class='ocrx_word' id='word_1_328' title='bbox 63 3559 100 3570; x_wconf 92' lang='lat'>-</span> <span class='ocrx_word' id='word_1_329' title='bbox 121 3530 164 3581; x_wconf 77' lang='lat'>28.</span> <span class='ocrx_word' id='word_1_330' title='bbox 184 3541 250 3595; x_wconf 86' lang='lat' dir='ltr'>ergo</span> <span class='ocrx_word' id='word_1_331' title='bbox 270 3525 438 3578; x_wconf 88' lang='lat' dir='ltr'>comunctro.</span> 
     </span>
    </p>
   </div>
   <div class='ocr_carea' id='block_1_4' title="bbox 0 0 1212 3848">
    <p class='ocr_par' dir='ltr' id='par_1_4' title="bbox 0 0 1212 3848">
     <span class='ocr_line' id='line_1_38' title="bbox 0 0 1212 3848; baseline 0 0"><span class='ocrx_word' id='word_1_332' title='bbox 0 0 1212 3848; x_wconf 95' lang='lat' dir='ltr'> </span> 
     </span>
    </p>
   </div>
  </div>
 </body>
</html>
