2408 3848
134 700 316 775 INCIPIT
344 701 466 775 PARS
495 702 675 822 TERTIA
703 701 1030 776 EXPOSITIONIS

466 826 699 900 ANARITII.

167 1007 358 1083 Expositio
386 1007 577 1066 secundum
601 1006 781 1066 Aummmu
808 1007 952 1084 prologi
979 1007 1091 1066 tercie

73 1095 194 1174 pertis
218 1096 379 1156 ducemus.

165 1184 251 1244 Dixit
266 1185 439 1244 Eucumas:
460 1184 570 1244 Cereali
588 1186 703 1258 equales
721 1189 798 1259 saul,
816 1202 939 1258 qaorum
957 1185 1092 1244 diametri
1119 1199 1134 1238 ε»

73 1278 145 1334 auat
172 1274 300 1347 equales,
329 1277 356 1332 et
381 1292 401 1332 e
425 1291 548 1347 quorum
570 1276 675 1333 centris
698 1275 771 1332 liceo
794 1275 834 1333 ad
856 1275 1092 1346 eireoufereatc'os

74 1380 176 1422 eorum
193 1367 341 1436 protracte
364 1367 449 1420 eruat
471 1364 594 1436 equales.

167 1450 263 1526 Supra
285 1446 385 1529 (hoc)
408 1452 539 1510 Yumus:
568 1450 653 1520 Quod
677 1451 798 1526 dicitm,
820 1450 1015 1508 manifestum
1038 1453 1092 1525 est,

75 1539 233 1618 quoniam,
261 1559 328 1598 eum
354 1539 466 1598 fuerint
493 1540 645 1616 diametri,
673 1544 744 1599 tune
771 1540 848 1599 lineo
877 1559 895 1598 a
921 1540 1029 1598 centris
1053 1540 1092 1597 ad

75 1629 320 1688 circonferentias
351 1631 502 1704 protracte
536 1632 623 1687 erunt
651 1630 784 1705 equales,
816 1629 887 1705 quia
914 1647 1092 1704 unaqueque
1107 1642 1135 1681 10

74 1738 180 1778 earum
212 1717 270 1776 erit
301 1717 445 1776 medietas
478 1718 625 1776 diametri.
674 1719 868 1778 Manifestum
901 1737 1018 1794 quoque
1048 1721 1094 1776 est

73 1807 177 1882 nobie,
204 1807 298 1883 quod,
325 1825 392 1865 cum
414 1807 491 1865 lineo
514 1809 594 1865 reete
618 1825 635 1864 a
659 1808 767 1866 centris
791 1809 829 1866 ad
852 1807 1093 1867 circouferentias

73 1898 229 1973 protracte
256 1895 369 1954 fuerint
394 1897 527 1972 equaleS‚
555 1895 659 1954 circuli
681 1899 768 1955 erunt
791 1898 924 1973 equales
952 1897 1094 1974 quoniam

76 1985 238 2060 descriptio
267 1985 444 2043 circulorum
470 1998 530 2043 non
559 1989 604 2044 est
631 1984 690 2043 nisi
717 1987 877 2044 seeundum
900 1986 1013 2062 spatia,
1036 2005 1093 2061 que

76 2078 148 2134 sunt
169 2074 250 2132 inter
272 2076 373 2132 centra
396 2077 426 2131 et
443 2074 694 2148 circonscrentiaS,
718 2095 774 2150 que
793 2077 863 2133 sunt
881 2075 1094 2134 diametrorum
1108 2087 1134 2126 1⁵

73 2155 261 2222 medietates.

167 2251 252 2310 Dixit
274 2252 447 2310 Essemus:
470 2251 568 2310 Licea
590 2256 669 2311 recte
693 2254 833 2311 arculam
856 2255 1020 2326 eoatiupeas
1044 2257 1093 2321 cst,

76 2359 141 2415 que,
166 2358 231 2399 cam
253 2341 394 2399 clrcalum
417 2343 555 2414 coaliapc't
577 2347 603 2399 et
618 2342 813 2415 protrahatur
834 2344 867 2400 ta
889 2342 967 2400 alies
981 2347 1093 2416 partes,

74 2447 137 2489 aon
160 2434 238 2489 secat
260 2431 408 2488 circulum.
433 2461 474 2470 —
501 2428 611 2488 Circalc'
637 2448 668 2488 se
695 2431 735 2489 ad
758 2433 880 2489 invicem
903 2433 1094 2504 coatiapcatcs

76 2523 160 2587 sunt,
193 2521 257 2592 qul,
292 2536 357 2577 cwm
388 2536 419 2578 se
450 2521 579 2578 vicissim
606 2523 740 2593 coequat,
772 2537 833 2578 acu
859 2537 889 2578 se
916 2523 1021 2578 secaret
1050 2551 1092 2559 -
1107 2531 1134 2570 20

76 2607 173 2666 Ia'ocee
194 2612 268 2666 recte
291 2608 402 2681 equalis
424 2610 514 2682 spatii
536 2627 556 2667 e
579 2612 672 2666 ceretro
693 2613 769 2677 suut,
788 2603 955 2687 <quaram
968 2626 1093 2681 perpec-

75 2697 231 2764 dc'ccleres,
255 2714 309 2770 qae
332 2715 352 2755 a
375 2699 479 2756 centris
502 2699 542 2755 od
564 2714 613 2756 eas
630 2698 855 2771 protrahuntur,
879 2702 949 2757 saut
970 2698 1092 2770 equuleo.

76 2818 120 2827 —
144 2785 274 2845 Maioris
300 2790 396 2844 aulem
418 2788 507 2860 spatii
530 2805 549 2845 o
572 2790 666 2844 centro
690 2791 771 2855 scat,
795 2805 920 2860 quoram
937 2787 1093 2860 perpendi-

75 2875 200 2943 culares,
224 2892 279 2948 qae
301 2875 341 2933 ad
364 2893 414 2933 ecs
430 2876 659 2949 protrahuntur,
683 2877 905 2934 sceleratores.

166 2963 263 3039 Supra
299 2963 355 3022 hoc
388 2965 521 3022 Yamus:
558 2963 663 3022 Voluit
695 2964 854 3022 Eucmoas
891 2964 1131 3022 demonstrarem

74 3052 216 3128 spatium,
240 3052 319 3129 quod
343 3056 388 3110 est
409 3053 488 3110 inter
511 3054 612 3111 centra
636 3054 667 3110 et
684 3051 778 3111 lineas
797 3056 893 3112 rectas
913 3055 1093 3127 contentum,

74 3141 144 3200 ideo
178 3141 254 3199 dixit
286 3139 658 3216 „perpendicularis“,
690 3142 770 3218 quod
801 3142 868 3201 ideo
896 3141 981 3216 fecit,
1014 3141 1093 3217 quod

73 3229 217 3307 possibile
242 3233 304 3305 est,
334 3232 368 3288 ut
396 3230 432 3289 ab
456 3250 634 3306 unoquoque
658 3234 767 3306 puncto
796 3231 835 3289 ad
862 3230 1092 3307 unumquodque

72 3351 288 3358 ..---—-.-.

147 3422 190 3471 21.
210 3417 366 3472 continuas.
