2408 3848
386 156 437 210 AD
455 155 641 211 EUCLIDEM
658 155 725 210 ΠΒ.
739 155 771 210 X.
1017 153 1082 228 245

72 324 162 400 illud,
185 324 265 401 quod
286 325 323 383 fit
346 345 380 383 ex
401 324 481 383 linea
501 344 533 399 9:
556 326 625 385 volo
647 325 742 401 igitur
764 323 931 397 ostendere,
955 322 1084 399 qualiter

73 413 112 472 ad
129 413 240 472 lineam
253 408 338 492 <ub>
354 413 537 492 adiungatur
554 413 721 490 superficies
738 415 886 472 rectorum
905 412 1084 490 angulorum

673 503 789 579 equalis
808 501 954 577 quadrato
968 520 995 575 9.
1027 501 1084 559 As-

172 567 535 646 b—-E
673 610 788 650 sumam
829 590 933 666 itaque
973 590 1084 648 lineam

672 681 797 739 terciam
819 681 992 755 sequentem
1010 678 1084 736 duas
1111 689 1124 730 o

672 769 766 828 lineus
790 771 831 828 ab
859 771 929 842 etp
955 768 987 825 in
1014 787 1084 843 pro·
1147 819 1149 824 .

672 859 823 934 portione,
859 857 957 932 sitque
995 857 1085 930 linea

674 948 702 1022 d,
725 949 755 1004 et
778 946 850 1022 quia
869 945 1023 1022 proportio
1042 947 1084 1004 ab

181 1067 530 1136 =-----—-—e
674 1035 712 1094 ad
728 1054 748 1109 9
771 1038 816 1094 est
834 1035 912 1094 sicut
929 1033 1083 1110 proportio

672 1144 691 1198 1
710 1123 748 1182 ad
767 1125 795 1198 d,
814 1143 883 1200 ergo
907 1123 1084 1199 superficies
1098 1136 1124 1176 10
1151 1179 1154 1183 J

181 1207 199 1260 d
483 1222 501 1275 9
675 1232 732 1289 que
764 1213 932 1271 continetur
964 1231 982 1271 a
1013 1211 1085 1270 dua-

293 1275 296 1312 *
359 1276 362 1312 ¹
600 1275 634 1340 ·¹
672 1301 728 1360 bus
753 1301 839 1360 lineis
862 1303 903 1360 ub
927 1302 1012 1375 etet,
1040 1303 1086 1359 est

76 1390 191 1465 equalis
225 1390 372 1466 quadrato
398 1410 426 1465 9.
486 1390 584 1466 Supra
619 1393 765 1467 punctum
796 1389 890 1467 igitur
921 1407 940 1448 u
976 1389 1085 1448 eonsti-

74 1481 161 1538 tuam
179 1481 454 1556 perpendicularem
472 1481 608 1556 equalem
627 1481 658 1555 d,
678 1498 736 1555 que
755 1479 796 1537 sit
814 1497 864 1553 ea,
884 1481 916 1536 et
932 1477 1084 1553 complebo

74 1568 255 1644 quadratum
278 1571 327 1629 et:
356 1569 418 1628 iam
440 1569 534 1647 igitur
557 1571 707 1629 ostensum
731 1571 788 1642 est,
817 1567 896 1643 quod
918 1565 1085 1642 superficies
1100 1577 1126 1618 15

74 1659 112 1716 be
135 1661 181 1717 est
203 1658 317 1735 equalis
341 1659 487 1735 quadrato
508 1677 540 1734 93
564 1661 595 1717 et
616 1658 692 1716 illud
711 1660 764 1733 est,
784 1656 864 1733 quod
882 1655 1084 1715 demonstrare

71 1747 230 1814 voluimus.

163 1836 313 1896 Additio
336 1837 459 1916 figure
482 1835 782 1913 quinquagesime
806 1825 974 1915 oocave1)

163 1924 232 1983 Non
255 1924 364 1984 dicitur
384 1925 547 1984 bimedium
569 1924 708 2000 primum,
730 1923 789 1983 nisi
811 1924 883 2000 quia
900 1921 1086 1998 unumquod-

76 2029 134 2086 que
157 2011 283 2070 duorum
306 2014 521 2090 quadratorum
544 2031 587 2088 19
610 2016 640 2071 et
660 2015 702 2087 pt
725 2015 771 2071 est
792 2013 928 2086 mediale,
947 2014 978 2070 et
996 2010 1086 2070 etiam
1100 2023 1127 2063 2⁰

76 2099 202 2158 duorum
224 2101 438 2176 quadratorum
461 2101 630 2161 coniunctio
654 2104 700 2160 est
721 2101 865 2160 medialis.

168 2186 266 2256 Quod
297 2192 464 2266 sequitur
494 2190 564 2266 hie,
594 2190 713 2268 figure
747 2190 966 2268 sexagesima
997 2208 1086 2248 none

78 2294 251 2336 annexum
274 2271 369 2360 est.²)

167 2365 236 2425 Non
259 2367 295 2427 ob
319 2367 402 2426 aliud
424 2367 508 2442 dixit,
531 2366 611 2443 quod
634 2365 690 2424 due
713 2365 881 2442 superficies
899 2366 960 2425 sint
976 2367 1086 2426 incom-

76 2454 275 2534 municanteS,
310 2457 369 2516 nisi
400 2456 472 2532 quia
512 2455 700 2532 supponitur,
732 2455 813 2531 quod
849 2455 1016 2531 superficies
1051 2456 1087 2514 111
1101 2465 1128 2508 11

77 2544 310 2604 communicaret
331 2543 496 2621 superficiei
518 2545 567 2620 uu,
591 2544 616 2602 si
639 2544 696 2603 erit
718 2543 798 2602 linea
821 2543 1088 2603 recommunicare

76 2632 155 2690 lineo
189 2634 229 2691 tle.
287 2632 345 2693 Sed
378 2634 443 2710 ipse
477 2635 546 2692 sunt
574 2632 736 2692 rationales
765 2633 798 2690 in
828 2633 975 2709 potentia:
1017 2651 1087 2710 ergo

150 2808 192 2858 18.
217 2802 298 2869 Quod
317 2802 388 2858 ditio
407 2803 503 2874 figure.
523 2835 558 2844 -
581 2808 623 2857 23.
644 2818 771 2857 anexum.
792 2834 825 2842 -
851 2807 892 2856 25.
913 2801 1086 2871 supponitur,

29 2876 31 2881 '
79 2874 167 2946 quod]
187 2890 312 2945 suppone
330 2877 414 2930 retro.
434 2907 467 2916 -
486 2880 530 2930 26.
550 2873 737 2930 comunicans.

150 3035 176 3102 1)
203 3032 341 3088 Eucnmss
362 3034 399 3104 X,
419 3039 453 3088 68
483 3033 634 3104 (Gauranos
652 3033 691 3103 X,
711 3039 758 3100 553
785 3033 953 3087 Hnmnncms
971 3034 1009 3102 X,
1029 3035 1087 3103 61):

79 3103 110 3158 Si
138 3104 206 3160 tiuee
232 3107 367 3161 ratimmli
394 3123 463 3176 equu
484 3106 638 3175 superficies
665 3105 800 3174 quadrato
827 3105 979 3160 timedialis
999 3104 1089 3174 primi

78 3176 257 3246 adiuuputur,
272 3179 345 3233 latus
354 3178 412 3232 eius
425 3178 560 3246 reliquum
574 3177 722 3231 binomium
730 3178 878 3232 recaredum
887 3193 941 3232 esse
949 3176 1086 3246 oportebit.

150 3249 176 3316 2)
203 3247 340 3301 Bucam-ss
363 3248 401 3316 X,
421 3254 455 3302 69
482 3247 759 3317 (0111111111Χ,66;
786 3247 953 3302 Hammonis
971 3248 1009 3316 X,
1029 3248 1086 3315 72):

79 3315 147 3371 Cum
161 3319 301 3374 eomiuuete
314 3321 419 3387 fuerim
432 3321 485 3374 due
498 3320 653 3389 superficies
661 3320 789 3374 mediales
798 3319 1087 3385 iucomuuueurobiles,
1160 3372 1162 3375 ,

79 3388 153 3442 timec
167 3395 264 3458 potem
281 3391 313 3444 iu
330 3397 414 3446 totam
432 3391 600 3459 superficiem
618 3391 751 3445 alterutra
769 3390 821 3445 erit
838 3391 957 3444 duorum
975 3390 1086 3443 irratio-

77 3460 185 3585 wilm
204 3461 351 3586 timpanum,
374 3462 496 3517 uidelicet
514 3468 564 3517 uui
582 3462 723 3516 timedicle
741 3461 902 3527 secumdum,
927 3466 976 3514 uui
989 3465 1087 3528 poteris

76 3530 110 3584 iu
146 3547 182 3585 uo
203 3548 243 3586 me
262 3532 341 3587 iulia.
