2408 3848
116 114 180 176 114
402 110 568 165 ANARITII
586 108 842 165 COMMENTARJI

201 280 237 338 In
259 280 317 338 fine
340 299 409 338 vero
433 272 563 358 sextel)
588 278 674 336 dixit:
707 275 817 336 Omnes
838 275 895 336 iste
917 276 1013 354 figure
1031 275 1131 335 decla-

112 372 219 428 rantur
242 371 272 427 et
294 371 432 428 constant
454 368 616 426 secundum
639 368 719 426 dicta
741 367 902 425 Eucnmrs.

201 457 286 515 Dixit
303 459 436 515 Ynmns:
459 457 495 514 In
518 457 671 531 septima
689 447 844 536 figura²)
863 453 995 514 ostendit
1013 454 1132 514 Euem-

113 565 181 622 nns,
200 546 281 622 quod
299 546 375 603 linea
395 548 496 604 centro
514 545 741 620 propinquiores
761 548 831 603 sunt
848 543 975 604 maiores
995 543 1050 618 eis,
1071 562 1134 619 que

87 636 151 694 aab
188 654 222 693 eo
255 638 325 693 sunt
356 635 537 694 remotiores.
592 633 678 702 Quod
708 653 778 692 vero
811 628 922 710 (aum)
953 633 1134 708 declaravit,

112 724 215 800 posuit
242 723 316 782 duas
343 723 438 781 lineas
466 723 502 781 ab
531 741 592 781 una
614 727 700 798 parte
723 741 907 797 communes,
934 725 966 780 et
988 721 1132 799 ostendit,

113 813 194 889 quod
218 832 266 887 ea,
294 831 352 887 que
376 815 422 870 θεῖ
443 811 641 887 propinquior
663 816 777 887 centro,
805 815 851 870 est
872 811 970 870 maior
992 829 1042 885 ea,
1072 830 1134 886 que

113 903 150 961 ab
175 922 209 961 eo
233 904 279 960 est
300 901 449 960 remotior.
493 900 579 969 Quod
601 901 627 958 si
650 901 734 961 nobis
756 900 909 976 proposito
932 899 1048 958 fuerint
1066 899 1134 958 due

113 991 190 1049 linee
223 1009 241 1048 a
271 990 387 1048 duabus
414 989 550 1065 partibus
579 990 685 1065 centri,
718 1009 847 1065 quarum
873 1007 936 1047 una
963 988 1004 1046 sit
1031 989 1134 1048 altera

73 1094 99 1132 10
113 1079 310 1155 propinquior
339 1082 454 1153 centro,
482 1079 684 1153 ostendemus,
712 1079 791 1154 quod
813 1079 879 1154 illa,
905 1073 1009 1157 (que)
1031 1080 1080 1137 est
1103 1078 1134 1137 ei

113 1167 321 1244 propinquior,
349 1171 395 1226 est
421 1168 518 1226 maior
540 1186 588 1241 ea,
616 1188 673 1243 que
695 1168 791 1244 magis
815 1171 860 1227 est
883 1167 920 1226 ab
944 1185 979 1226 eo
1002 1170 1133 1243 remota,

113 1276 181 1315 cum
204 1257 260 1314 hac
285 1257 488 1332 dispositione.

201 1346 315 1404 Ponam
347 1346 491 1404 circulum
521 1347 593 1420 obp,

113 1435 197 1494 euius
230 1435 375 1494 diameter
407 1435 447 1493 sit
478 1436 530 1508 by,
564 1438 594 1492 et

73 1537 99 1578 ιε
113 1528 248 1582 centrum
276 1526 347 1583 nota
371 1526 403 1597 el,
432 1527 462 1582 et
484 1541 594 1598 ponam
691 1576 692 1579 ,

112 1631 203 1689 supra
221 1614 332 1671 lineam
351 1614 390 1685 by
408 1616 552 1687 punctum
572 1630 594 1687 e,

112 1721 130 1760 a
154 1721 213 1777 quo
232 1701 407 1777 protraham
425 1701 464 1758 ad
482 1701 594 1760 circon-
650 1742 661 1762 ι

111 1789 593 1865 ferentinmduaslineascaetea,

113 1882 143 1937 et
170 1897 293 1952 ponam,
321 1880 357 1934 ut
384 1877 463 1934 linea
489 1895 527 1936 ea
555 1878 595 1936 sit

73 1982 99 2020 ro
113 1970 214 2025 centro
233 1964 431 2040 propinquior
447 1965 527 2024 linea
546 1984 593 2027 ea:

112 2055 177 2113 dieo
197 2073 276 2130 ergo,
295 2054 376 2128 quod
394 2054 473 2114 linea
491 2074 530 2114 aa
549 2059 594 2114 est

111 2144 206 2201 maior
237 2143 317 2200 linea
351 2160 392 2202 ea.
451 2143 593 2203 Probatio

112 2233 189 2307 eiua,
213 2232 356 2307 quoniam
379 2234 553 2307 protraham
576 2252 594 2291 a

111 2325 222 2397 puncto
237 2323 269 2396 el,
289 2321 369 2396 quod
389 2325 434 2380 est
450 2326 593 2397 centrum,

72 2422 98 2462 25
113 2410 187 2469 duas
210 2411 469 2485 perpendiculares
492 2412 535 2470 ella
558 2415 588 2469 et
607 2412 649 2485 dt,
673 2412 703 2468 et
726 2409 900 2485 protraham
923 2407 1017 2466 etiam
1035 2406 1075 2466 ab
1095 2427 1132 2468 eo

112 2499 186 2557 duas
209 2499 303 2557 lineas
327 2501 371 2558 da
394 2503 424 2558 et
447 2501 495 2559 clu.
539 2500 579 2557 Et
603 2499 674 2574 quia
696 2498 777 2556 linea
800 2516 839 2557 ae
862 2501 907 2556 est
929 2496 1132 2573 propinquior

112 2623 324 2630 .---.--

182 2691 207 2740 3.
227 2686 258 2738 ln
278 2684 335 2739 alia
353 2685 450 2754 figura.
471 2719 504 2726 -
529 2691 553 2740 ὃ,
574 2685 655 2750 Quod
674 2684 830 2740 declaravit
848 2701 923 2738 vero.
948 2714 981 2724 -
1008 2689 1033 2738 6.
1053 2700 1130 2738 com·

111 2773 231 2811 munem.

184 2921 209 2986 1)
229 2916 365 2969 Eucnrnns
380 2915 425 2983 111,
442 2922 471 2971 6:
492 2917 662 2972 Circularum
680 2934 735 2972 sese
753 2916 967 2987 contrapeutu'um
984 2931 1044 2970 noa
1056 2916 1130 2971 idem

110 2996 231 3044 eeutrum
248 3004 302 3042 esse
319 3004 422 3041 measse
441 2994 485 3042 est.

182 3059 362 3128 2)Eucu1nns
382 3058 433 3125 III,
455 3064 482 3113 7:
517 3060 548 3114 Sr'
571 3061 602 3114 iu
624 3061 757 3114 diametro
779 3059 876 3114 circuli
895 3064 1019 3128 mmmm
1037 3065 1131 3129 preter

110 3138 231 3187 centrum
247 3131 380 3200 siquetur,
399 3137 423 3184 et
441 3131 476 3183 ab
495 3147 524 3184 eo
543 3133 580 3185 ad
598 3132 844 3197 circumferentiam
863 3131 932 3184 liuee
941 3131 1065 3198 plmime
1077 3131 1130 3184 du-

109 3209 221 3271 cantur,
249 3219 299 3270 que
322 3218 408 3269 supra
431 3208 552 3255 centrum
574 3203 715 3257 trausieru‘t
738 3203 859 3256 ommium
882 3202 934 3256 erit
952 3201 1130 3271 loupissima;

110 3291 160 3344 que
177 3290 239 3329 uero
252 3273 415 3327 diametrum
431 3274 561 3340 perficiet,
580 3275 701 3327 ommium
715 3274 766 3327 emt
780 3273 951 3338 breviatam
969 3289 1021 3342 que
1038 3279 1129 3328 auum

109 3352 199 3400 aeutro
210 3345 343 3413 proxime,
361 3345 455 3398 ceteris
470 3344 612 3415 loupiores,
631 3351 733 3413 quauta
751 3361 812 3398 aero
826 3362 844 3398 a
858 3351 948 3398 ceutro
964 3345 1130 3410 remotiores,

108 3423 186 3475 tauto
205 3416 337 3470 tremores
354 3431 408 3470 esse
425 3417 571 3472 coaeem'et.
614 3416 697 3470 Duas
719 3416 822 3485 quoque
845 3415 1042 3484 eque‘alistautes
1059 3416 1130 3469 liaeo

109 3488 261 3544 breuissime
280 3487 448 3543 collaterales
467 3488 574 3556 equales
592 3504 646 3542 esse
663 3503 765 3542 uecesse
784 3493 828 3541 est.
