2408 3848
21 137 26 143 ’
112 163 176 227 120
397 162 564 216 nunerru
583 117 840 217 courmnrnien

108 332 197 389 lineis
220 332 264 389 bd
293 334 323 389 et
345 333 392 391 dr.
440 332 499 390 Sed
520 331 581 389 iam
605 334 755 390 ostensum
778 329 849 404 fuit,
878 330 958 404 quod
981 330 1066 388 linea
1089 332 1137 390 ad

111 423 156 478 est
178 419 274 479 maior
296 420 376 478 linea
394 421 446 495 bd,
470 420 612 496 quoniam
635 422 681 478 est
704 421 805 477 centro
828 418 1035 494 propinquior,
1061 439 1136 497 ergo

110 509 190 567 linea
213 510 252 568 de
280 512 325 567 est
354 509 452 567 minor
480 509 559 568 linea
582 511 635 584 dm
663 511 693 566 et
717 508 795 566 illud
819 511 877 582 est,
905 507 987 583 quod
1009 508 1136 568 demon—

109 601 206 657 strare
230 598 389 657 voluimus.

84 693 97 733 ⁵
200 687 285 745 Dixit
298 688 426 761 YRmUS,
442 687 522 763 quod
539 704 632 744 nona
646 677 800 766 figura1)
815 684 951 744 consistit
965 685 1138 744 secundum

88 777 181 859 boc,
204 776 285 851 quod
308 775 383 834 dixit
406 776 575 835 Euonrnns.

199 864 244 921 De
273 857 441 945 decima²)
476 884 546 924 vero
575 863 661 922 dixit:
698 863 785 922 Hane
811 862 940 941 figuram
971 862 1137 923 declarabo

110 973 164 1030 per
187 972 304 1012 nonam.
345 953 420 1012 Dico
445 973 524 1031 ergo,
547 953 573 1011 si
596 952 746 1028 possibilis
770 955 824 1027 est,
846 955 883 1010 ut
903 970 980 1010 unus
1001 951 1137 1012 circulus

112 1043 206 1102 alium
219 1042 252 1100 in
265 1041 400 1118 pluribus
415 1047 494 1102 seoet
507 1042 596 1117 notis,

72 1140 99 1179 1⁰
113 1135 193 1191 secet
230 1151 299 1208 ergo
332 1132 460 1191 circulus
492 1134 596 1205 anper

112 1221 255 1280 circulum
288 1221 413 1294 bbpelcz
449 1221 480 1278 in
516 1220 595 1279 notis

111 1308 248 1386 pluribus
272 1309 403 1385 duabus,
429 1310 542 1370 scilicet
564 1310 596 1366 in

112 1399 191 1458 notis
207 1400 232 1472 b,
239 1418 267 1474 p,
278 1417 334 1472 aa.
364 1399 520 1458 Inveniam
538 1400 595 1457 ita·

113 1508 171 1564 que
195 1491 330 1546 centrum
355 1488 459 1547 circuli
483 1491 596 1563 abpez,

72 1587 99 1628 15
113 1578 191 1637 sicut
208 1577 401 1636 manifestum
416 1581 461 1636 est
480 1597 514 1636 ex
527 1599 595 1653 pro-

111 1667 233 1726 batione
247 1666 340 1744 figure
358 1666 453 1742 prime
467 1663 597 1745 <huius>

112 1757 217 1833 partis,
241 1759 272 1813 et
294 1774 418 1830 ponam,
440 1758 475 1813 ut
496 1756 597 1830 ipsum

114 1846 154 1905 sit
188 1848 261 1904 nota
294 1848 316 1915 t3
358 1846 388 1900 et
422 1845 597 1918 protraham

113 1935 209 1992 lineas
237 1935 269 1990 to
298 1934 328 1989 et
355 1935 385 1990 te
413 1935 443 1990 et
466 1937 505 2006 tp.
557 1934 597 1992 Et

73 2033 100 2072 20
114 2023 186 2098 quia
204 2026 348 2097 punctum
367 2025 379 2078 t
401 2024 446 2079 est
463 2025 597 2080 centrum

115 2111 220 2170 circuli
238 2112 356 2184 obper,
380 2129 450 2187 ergo
468 2111 545 2169 linee
564 2114 596 2170 tb

115 2204 146 2260 et
168 2205 201 2274 tp
225 2202 303 2258 etto
325 2202 394 2257 sunt
413 2200 544 2274 equaleS‚
567 2204 597 2259 et

116 2289 187 2365 quia
210 2308 229 2348 a
251 2291 361 2365 puncto
384 2293 403 2363 t,
427 2289 505 2364 quod
528 2293 573 2348 est
590 2290 671 2348 intra
690 2290 834 2348 circulum
854 2290 991 2365 bbpeka,
1014 2295 1134 2366 protra-

115 2380 228 2436 huntur
259 2379 297 2436 ad
329 2377 585 2437 circonferentiam
612 2378 689 2437 linee
718 2381 749 2437 to
777 2381 808 2436 et
827 2370 832 2457 Ι
853 2383 886 2452 tp
913 2381 944 2438 et
972 2383 1004 2439 te
1030 2382 1134 2456 plures
1153 2379 1180 2430 Ἡ

75 2477 102 2518 2⁵
117 2468 240 2542 duabus,
272 2487 328 2543 que
361 2470 431 2526 sunt
463 2467 596 2543 equuleo,
628 2487 697 2544 ergo
730 2467 892 2526 secundum
923 2467 1137 2544 probationem

115 2557 209 2634 figure
235 2559 267 2615 9⁰
293 2556 382 2615 huius
409 2555 505 2631 partis
528 2561 540 2613 t
567 2559 612 2614 est
639 2560 774 2615 centrum
804 2556 909 2616 circuli
934 2558 1079 2636 tapeta,
1107 2563 1137 2619 et

115 2646 215 2723 ipsum
248 2649 293 2705 est
320 2645 411 2703 etiam
441 2648 574 2703 centrum
602 2646 704 2705 circuli
732 2647 845 2719 obpez.
895 2647 1035 2706 Duorum
1065 2669 1136 2727 crgo

117 2736 294 2794 circulorum
321 2753 383 2793 sese
412 2733 579 2792 secantium
605 2755 699 2793 unum
726 2737 771 2793 est
799 2737 946 2810 centrum,
979 2737 1064 2811 quod
1092 2741 1137 2798 est

117 2825 298 2884 contrarium
326 2827 356 2881 et
382 2823 578 2898 impossibile,
609 2824 751 2900 quoniam
778 2822 840 2882 iam
868 2827 913 2883 est
939 2825 1137 2886 manifestum

607 2919 622 2956 r

189 3053 213 3100 2.
232 3045 322 3098 maior
340 3044 417 3098 linea
436 3046 482 3099 bd.

190 3261 216 3329 1)
235 3258 371 3312 Eucmnns
390 3258 437 3326 HI,
457 3264 486 3314 9:
512 3259 544 3314 Si
561 3260 637 3314 intra
655 3261 787 3315 circulum
801 3267 904 3328 puncto
922 3261 1033 3331 siponto
1051 3263 1089 3318 ab
1107 3279 1137 3319 eo

113 3333 209 3402 plures
227 3347 310 3400 quum
328 3331 380 3384 due
400 3331 468 3384 liaeo
486 3331 563 3385 docte
581 3332 618 3385 od
636 3332 883 3399 circumferentium
897 3333 1006 3400 fuerint
1019 3336 1136 3403 equum,

114 3410 250 3473 ffmctwm
267 3402 339 3455 illud
357 3408 478 3455 centrum
496 3402 593 3456 circuli
610 3419 664 3457 esse
681 3420 784 3458 necesse
802 3408 846 3456 eet.

190 3475 216 3543 2)
235 3473 372 3526 Euonmne
390 3472 437 3541 111,
458 3478 503 3527 10:
532 3474 564 3528 Si
581 3474 699 3530 circulus
722 3475 853 3530 circulum
870 3480 951 3542 secet,
973 3475 1007 3530 iu
1028 3476 1137 3533 duobus

118 3552 226 3602 tautum
245 3545 310 3600 loeis
327 3562 416 3600 secare
434 3562 535 3599 necesse
553 3552 598 3600 eet.
