2408 3848
397 113 447 166 AD
467 112 652 167 EUOLIDEM
670 112 737 166 LIB.
752 112 772 167 Ι.
1046 114 1088 178 69

77 281 192 340 scilicet
210 281 373 341 extrinseco
392 282 448 340 sibi
468 281 617 357 opposito,
642 284 672 339 et
691 280 790 356 etiam,
809 281 880 357 quia
897 282 1090 340 manifestum

78 373 132 446 est,
156 371 234 446 quod
253 371 357 448 anguli
376 371 520 430 coalterni
539 373 608 430 sunt
627 371 756 446 equales,
781 370 888 429 addam
907 390 976 448 ergo
997 391 1089 448 angn-

77 460 143 517 lum
165 461 225 520 dce
247 479 445 534 communem,
470 479 539 537 ergo
563 460 621 517 duo
645 459 750 536 anguli
773 461 840 535 dae,
864 465 922 535 ccl,
946 460 997 535 qui
1019 460 1089 519 duo·

76 548 132 607 bus
151 549 239 607 rectis
258 552 414 624 equantur,
438 551 509 608 sunt
527 549 647 624 equales
667 548 781 607 duobus
800 550 916 626 angulis
935 551 1002 624 loca,
1016 551 1089 610 dcc:

78 657 149 714 ergo
177 638 236 696 duo
265 638 369 715 anguli
396 638 562 714 intrinseci,
591 638 643 713 qui
667 640 737 696 sunt
759 638 791 694 in
813 640 899 713 parte
922 658 995 714 una,
1020 643 1089 698 sunt
1116 649 1129 690 ὅ

77 727 199 803 equales
231 727 344 786 duobus
376 727 478 803 rectis3
516 730 546 785 et
577 727 652 784 illud
684 730 743 801 est,
777 728 856 802 quod
888 727 1089 786 demonstrare

76 816 233 874 voluimus.

145 905 216 963 Alia
248 907 368 980 quarta:
402 903 439 962 Si
470 905 567 962 linea
598 907 698 962 reeta
730 904 826 962 inter
855 905 944 963 duas
971 907 1089 964 rectas

77 994 194 1053 lineas
208 994 459 1070 protrahatur,
474 996 509 1052 et
522 994 661 1052 fuerint
677 993 743 1051 duo
759 995 883 1072 anguli
898 995 1090 1068 coalterni,

78 1102 165 1159 qnos
180 1083 258 1158 ipsa
273 1101 350 1140 cum
365 1082 499 1140 duabus
514 1082 622 1141 lineis
635 1083 917 1158 comprehendit,
929 1084 1088 1159 equales,
1104 1097 1129 1136 10

78 1176 140 1231 aut
168 1172 282 1230 fuerit
311 1171 465 1249 angulus
489 1172 711 1230 extrinsecus
735 1174 866 1249 angulo
890 1167 1089 1232 intrinseco

78 1261 148 1320 sibi
178 1261 345 1336 opposito
370 1260 526 1335 equaliS,
554 1264 618 1318 aut
639 1259 777 1318 fuerint
800 1262 866 1320 duo
890 1262 1014 1339 anguli
1037 1263 1089 1320 in-

77 1350 251 1425 trinseci,
280 1350 341 1425 qui
373 1352 457 1408 sunt
488 1349 524 1406 in
555 1351 658 1425 parte
691 1368 772 1424 una,
811 1351 947 1409 dnobus
978 1351 1089 1410 rectis

78 1440 238 1515 equales,
263 1439 328 1496 due
351 1438 447 1496 linee
471 1441 578 1497 erunt
601 1437 876 1513 equidistantes

144 1528 282 1604 Exempli
300 1546 391 1586 causa
410 1528 470 1586 sint
488 1528 544 1585 due
563 1528 641 1585 linee
661 1528 710 1601 ab,
727 1528 779 1602 qd,
802 1546 891 1602 super
909 1546 983 1602 quas
1001 1527 1129 1587 cadat15

76 1618 158 1676 linea
181 1636 227 1693 ez,
251 1638 309 1693 que
333 1636 401 1676 cum
424 1617 466 1676 eis
490 1617 642 1676 contineat
665 1616 803 1692 angulos,
826 1617 988 1675 secundum
1011 1618 1090 1693 quod

77 1706 278 1766 narravimus:
307 1707 372 1765 dieo
400 1706 507 1783 igitur,
534 1701 656 1784 (quod)
685 1705 742 1763 due
768 1705 845 1763 linee
869 1707 924 1780 cb,
949 1707 995 1780 od
1019 1709 1090 1764 sunt

653 1794 877 1869 equidistantes.
925 1793 1067 1853 Probatio

84 1923 103 1976 b
295 1913 314 1942 ρ
555 1862 597 1972 la
639 1883 708 1943 eius.
742 1883 898 1960 Quoniam,
918 1883 943 1942 si
958 1901 992 1944 ea
1009 1883 1090 1942 linea

279 1946 307 2209 κ’
637 1971 729 2031 fuerit
746 1973 1009 2050 perpendicularis,
1026 1991 1088 2031 ma·
1103 1985 1129 2024 20

638 2062 780 2120 nifestum
817 2066 874 2136 est,
915 2063 995 2138 quod
1031 2062 1088 2120 due

78 2128 106 2182 d
228 2177 247 2213 a
572 2147 602 2204 θ
637 2151 714 2208 linee
745 2153 798 2227 ob,
823 2153 868 2225 pol
904 2154 976 2209 sunt
1008 2151 1088 2227 equi-

638 2240 782 2299 distantes
796 2243 918 2316 propter
931 2241 996 2314 hoc,
1010 2240 1090 2315 quod

77 2325 222 2401 precessit
243 2324 275 2382 in
295 2325 422 2383 secunda
440 2324 613 2402 figurarum,
637 2348 695 2403 que
719 2332 788 2387 sunt
807 2329 916 2388 addite.
956 2328 1040 2398 Quod
1064 2329 1089 2388 si

76 2415 158 2473 linea
168 2432 202 2474 cr
211 2434 272 2474 non
281 2413 374 2472 fuerit
382 2415 646 2489 perpendicularis,
663 2437 732 2494 ergo
742 2419 916 2493 protraham
926 2438 944 2476 a
953 2421 1089 2494 punctoo
1103 2427 1128 2468 2⁵

77 2504 116 2562 ad
129 2503 241 2562 lineam
252 2505 297 2576 911
310 2502 594 2579 perpendicularem,
610 2526 666 2580 que
681 2507 721 2564 sit
734 2508 778 2565 elo.
804 2508 835 2566 Si
850 2526 919 2583 ergo
935 2508 1090 2584 anguluse

77 2592 169 2650 fuerit
192 2595 302 2667 rectus,
326 2594 398 2650 tunc
417 2592 609 2651 manifestum
632 2597 678 2653 est
702 2595 807 2670 etiam,
830 2595 909 2671 quod
932 2597 989 2654 due
1011 2597 1088 2655 lineo

78 2683 129 2756 cb,
151 2683 195 2755 qd
223 2684 294 2739 sunt
322 2680 536 2756 equidistantes
559 2686 682 2758 propter
704 2684 768 2759 hoc,
791 2684 871 2760 quod
892 2685 1035 2759 precessit
1057 2685 1088 2742 in

75 2770 172 2847 figura
204 2770 296 2829 tercia
328 2771 435 2828 harum
465 2770 642 2848 figurarum,
675 2793 732 2848 que
765 2774 923 2832 adduntur.
975 2773 1034 2832 Sed
1064 2774 1089 2832 si

76 2860 205 2936 angulus
234 2878 248 2918 e
274 2877 334 2917 non
361 2859 452 2918 fuerit
478 2863 576 2919 rectus
604 2864 676 2920 tuno
703 2863 865 2938 producam
892 2882 910 2922 a
938 2866 1050 2938 puncto
1075 2873 1128 2921 c³0

76 2948 351 3024 perpendicularem
374 2967 464 3024 super
488 2950 533 3023 ele,
556 2952 804 3025 quemadmodum
827 2952 1021 3011 manifestum
1044 2955 1089 3010 est

76 3057 112 3096 ex
139 3037 296 3096 undecima
322 3037 431 3114 figura,
460 3037 557 3114 sitque
580 3039 659 3098 linea
684 3043 720 3099 cl.
766 3042 846 3119 Ergo
871 3043 927 3100 due
950 3041 1027 3100 linee
1052 3042 1088 3117 el,

73 3128 119 3201 qd
146 3129 215 3185 sunt
243 3126 470 3203 equidistanteS,
499 3147 568 3204 ergo
597 3129 700 3204 anguli
727 3150 830 3189 eorum
853 3131 997 3189 coalterni
1020 3133 1089 3189 sunt

76 3217 205 3291 equaleS,
226 3215 304 3290 quod
322 3214 472 3291 „equalis“
492 3219 609 3274 constat
628 3237 662 3277 ex
680 3219 856 3293 probatione
874 3220 968 3298 figure
982 3221 1089 3278 harum

73 3306 238 3382 figurarum
269 3305 368 3363 tercie.
418 3305 499 3382 Ergo
527 3307 731 3382 unusquisque
759 3308 884 3368 duorum
912 3311 1089 3387 angulorum
1102 3317 1128 3358 35

146 3498 170 3547 8.
192 3492 258 3546 Alia
276 3491 365 3546 tercia
393 3524 426 3532 —
447 3498 488 3546 30.
509 3493 629 3563 angulus
648 3512 661 3548 e
679 3497 748 3566 non]
769 3496 888 3565 angulus
909 3467 952 3549 est
970 3513 1034 3550 non.
