2408 3848
108 154 174 218 328
395 152 561 206 nummu
580 150 837 207 couuuumuu

109 322 298 381 ostendamus
323 342 373 382 sex
395 322 525 396 reliquas
548 322 656 395 lineas,
680 325 715 379 ut
737 321 895 380 duodecim
918 324 1130 399 compleantur

107 412 194 469 linee.
239 411 314 469 Dico
336 412 439 487 igitur,
462 410 541 484 quod
565 409 737 469 (snorum
760 401 881 490 dixit:¹)

200 499 274 558 Cum
300 501 389 572 fuerit
416 501 586 566 binomium,
615 504 641 556 et
666 500 757 572 fuerit
782 500 895 573 lonpior
917 503 1008 559 sectio
1027 506 1129 575 potens

111 606 200 662 super
227 591 378 647 sectionem
405 589 563 646 breviorem
590 606 656 646 oum
683 592 834 662 ouymmto
858 590 1019 661 quadrati,
1050 593 1130 650 boteri

81 681 194 736 senius
217 678 327 750 tenuior
348 678 425 734 lineo
442 679 475 734 in
494 677 670 750 longitudine
688 678 887 746 communicat,
912 679 1024 738 deinde
1041 681 1129 752 fuerit

110 768 223 840 bonqior
253 768 286 823 in
319 766 497 839 bonpitudine
528 768 743 824 comumnieons
775 767 847 824 binee
878 769 1029 827 rationali
1058 770 1129 837 dote,

110 860 179 914 tunc
201 855 350 912 uocabitur
373 856 531 913 binomium
547 856 696 927 primum·

198 943 241 1000 Et
262 945 289 1001 si
310 944 401 1015 fuerit
422 946 506 1002 sectio
525 944 638 1001 brecbu
656 945 871 1002 communicans
890 944 968 1003 lineo
987 948 1129 1006 rationali

112 1033 178 1090 dcte
200 1034 233 1090 in
256 1033 446 1106 lonqitudine,
469 1033 618 1090 uocabitur
641 1033 799 1091 binomium
821 1026 1059 1112 <seeundum;²)

71 1135 98 1174 ιο
200 1121 243 1178 Et
272 1123 300 1179 si
330 1139 501 1194 unaqueque
530 1137 631 1179 eanum
656 1122 747 1193 fuerit
771 1122 1030 1183 ineomnnmicons
1060 1125 1130 1184 lineo

110 1211 252 1268 rationaii
274 1211 341 1268 date
361 1212 395 1268 in
413 1210 598 1283 bonqitudine,
622 1211 771 1268 uocabitur
789 1205 972 1289 binominus>
992 1216 1131 1283 tercium·

201 1298 283 1372 Quod
310 1300 337 1357 si
364 1300 475 1371 tenuior
501 1300 585 1356 sectio
607 1301 736 1371 potuerit
761 1316 854 1372 supra
876 1299 1044 1360 breuiorem
1069 1320 1131 1361 oum

111 1392 263 1461 aupmento
286 1389 424 1460 quadrati
447 1388 528 1455 linee,
552 1389 636 1445 boteri
659 1389 743 1445 cuius
766 1389 877 1461 bonpior
893 1390 927 1445 in
945 1389 1131 1464 lonpitudine
1173 1437 1175 1457 ,

110 1478 344 1544 incommunicot,
369 1481 395 1534 et
415 1477 506 1548 suerit
527 1476 639 1549 bonpior
657 1478 872 1535 communicans
890 1477 967 1536 binee
987 1481 1131 1538 rationali

71 1577 97 1617 15
112 1567 179 1624 dote
200 1568 233 1624 in
256 1566 441 1638 bonyitudine,
465 1566 613 1623 uocabitur
636 1566 794 1624 binomium
816 1569 973 1638 quantun,-

200 1655 242 1712 Et
263 1657 290 1712 si
312 1654 403 1726 suerit
425 1655 537 1711 breuior
554 1657 638 1712 sectio
657 1655 872 1712 conununicons
890 1655 965 1713 binee
984 1659 1131 1717 robonubi

110 1746 177 1802 dote
198 1745 232 1800 in
255 1743 439 1815 tonuitudine,
462 1743 611 1800 uocabitur
634 1743 792 1801 binomium
813 1744 962 1816 quintum·

200 1831 242 1888 Et
263 1833 290 1888 si
311 1831 402 1903 fuerit
423 1847 594 1903 imoqueque
612 1832 741 1890 duorum
758 1834 914 1891 sectionum
931 1834 1132 1895 incommuni-

111 1938 182 1978 cans
206 1921 279 1976 binee
296 1920 435 1977 rationaii
453 1919 519 1976 date
536 1921 569 1976 in
587 1920 773 1995 bonpitud'me,
796 1921 945 1979 coeobitiu
964 1922 1132 1984 binomium

70 2021 98 2063 ao
111 2012 230 2067 sentum.

200 2095 274 2153 Dico
297 2095 399 2172 igitur,
422 2098 582 2171 antequam
606 2097 760 2156 ostendam
783 2115 884 2155 eorum
906 2097 1134 2178 probationem,

111 2184 191 2260 quod
213 2186 272 2242 tres
297 2203 398 2241 eorum
420 2188 538 2242 tantum
560 2188 629 2244 sunt
652 2185 820 2261 divisiones,
843 2205 939 2262 neque
963 2191 1013 2246 est
1037 2193 1134 2266 possi·

111 2274 184 2349 bile,
211 2276 246 2330 ut
273 2275 329 2331 erit
356 2276 456 2349 preter
483 2293 532 2332 eas
560 2275 674 2350 aliqua3
704 2293 830 2350 quarum
852 2293 969 2350 queque
993 2277 1029 2335 in
1055 2281 1133 2339 duas

112 2363 263 2421 dividatur
285 2365 394 2438 partes.
437 2361 513 2420 Sunt
531 2381 601 2440 ergo
620 2382 670 2422 sex
689 2365 842 2438 sectiones,
865 2366 899 2421 ut
917 2367 1135 2440 compleantur

71 2464 98 2504 25
112 2452 266 2510 duodecim
297 2454 410 2527 partes,
443 2452 602 2510 secundum
634 2452 713 2527 quod
742 2453 774 2509 in
801 2453 948 2528 principio
976 2456 1134 2516 tractatus

112 2541 249 2598 diximus.
298 2539 417 2597 Prima
444 2543 474 2597 et
502 2543 630 2616 quarta
658 2561 760 2598 eurum
787 2544 832 2600 est
858 2541 1020 2602 rationalis
1051 2547 1135 2605 linea

113 2629 269 2687 coniuncta
297 2647 364 2686 cum
391 2629 471 2687 linea
497 2629 599 2702 surda3
628 2631 658 2686 et
685 2629 838 2688 secunda
867 2632 896 2687 et
923 2631 1059 2705 quinta
1090 2639 1136 2695 est

112 2718 192 2776 linea
220 2717 308 2776 surda
336 2717 493 2776 coniuncta
521 2737 588 2776 cum
615 2717 694 2776 linea
721 2718 875 2794 rationali3
903 2721 933 2776 et
956 2721 1080 2782 tercia
1105 2729 1136 2783 et

113 2810 213 2865 sexta
237 2809 282 2865 est
304 2807 383 2864 linea
406 2807 495 2864 surda
519 2808 675 2866 coniuncta
699 2826 767 2865 oum
789 2807 869 2864 linea
891 2807 990 2866 surda.

72 2909 100 2947 eo
201 2894 344 2954 Divisio
363 2913 424 2953 sex
442 2897 620 2954 nominum
640 2896 829 2954 secundum
844 2895 1136 2960 continuitatem

114 3003 241 3042 eorum.

203 3071 300 3130 Sectio
332 3072 429 3148 prima
461 3073 600 3148 cuiusque
633 3091 735 3131 eorum
767 3076 812 3133 est
842 3073 960 3151 longior
988 3081 1136 3139 secunda.

112 3161 270 3238 Longioris
296 3161 389 3238 igitur
412 3162 550 3221 sectionis
574 3161 680 3238 primi
703 3163 895 3237 quadratum,
923 3163 1005 3238 quod
1030 3172 1081 3227 est
1106 3173 1136 3245 9,

174 3386 212 3453 .1)
234 3383 293 3436 Hec
317 3386 382 3436 sunt
403 3386 592 3452 ‚definitiones
614 3387 732 3440 atterm‘
755 3384 906 3455 (Grunnius
928 3383 976 3438 fol.
997 3385 1030 3456 k,
1052 3393 1137 3445 recto

112 3457 178 3524 post
196 3453 415 3524 propositionem
433 3462 476 3525 41,
496 3457 572 3526 apud
589 3457 762 3510 Hnmnncmu
778 3475 806 3525 p.
823 3457 890 3528 136!
894 3460 944 3508 137
962 3453 982 3510 l.
1000 3464 1104 3518 1-19,

186 3528 212 3594 2)
232 3524 309 3590 Quae
328 3526 451 3598 deerant,
471 3543 504 3582 ex
523 3529 602 3582 textu
621 3528 741 3582 Caurum
760 3529 789 3581 et
806 3527 952 3580 Hrmnuen
971 3530 1118 3599 supplevi.
