2408 3848
121 160 183 224 126
407 159 572 213 ANARITII
591 157 847 213 COMMENTARII

119 333 149 388 et
173 330 218 403 qd
245 332 315 388 sunt
342 328 557 403 equidistantes
584 332 637 386 aut
664 345 724 385 non
747 327 972 402 equidistantes.
1018 327 1128 386 Ponam

117 419 219 492 itaque
251 419 361 493 primo,
392 420 427 474 ut
458 418 517 493 ipsi
548 417 609 475 sint
636 416 864 491 equidistantes,
896 418 928 475 et
954 417 1128 494 coniungam

116 508 194 564 inter
217 507 290 565 duas
312 507 407 564 lineas
431 525 463 578 a,
484 525 504 580 p
532 509 563 564 et
589 507 618 579 d,
641 507 666 564 b.

115 596 227 672 Anguli
270 596 364 673 igitur
407 596 549 654 ooalterni
597 597 667 653 sunt

88 685 248 760 aequales,
291 703 361 760 ergo
398 685 525 760 angulus
565 701 585 742 a
621 687 666 743 est

115 774 230 849 equalis
253 773 364 850 angulo
385 792 418 847 p,
443 776 474 831 et
497 773 666 849 angulusd
715 739 733 793 b

115 867 160 921 est
183 862 297 937 equalis
320 863 429 939 angulo
449 864 474 920 b.
511 861 569 920 Sed
586 861 665 920 basis

115 953 156 1009 ab
176 955 221 1010 est
239 951 353 1026 equalis
372 950 436 1008 basi
453 952 510 1024 qd,
533 970 602 1027 ergo
622 969 665 1009 se-

115 1040 243 1098 eundum
266 1039 472 1115 probationem
494 1039 589 1116 figure
612 1041 666 1098 20Θ

75 1143 101 1182 ιο
114 1130 208 1204 prime
227 1130 322 1204 partis
340 1129 421 1188 latus
435 1147 474 1188 oe
492 1132 537 1188 est
552 1128 665 1203 equalis

114 1217 203 1275 lateri
231 1237 284 1294 ap,
317 1221 347 1276 et
373 1218 454 1276 latus
483 1219 518 1276 eb
551 1217 665 1292 equalis
705 1191 734 1241 ‘⁹

114 1307 203 1365 lateri
226 1309 272 1367 ed.
308 1308 388 1384 Ergo
411 1308 468 1365 due
490 1309 569 1365 reete
588 1306 665 1363 linae

115 1414 156 1469 op
184 1399 214 1454 et
242 1397 284 1455 bd
315 1398 417 1455 secant
444 1415 474 1455 se
502 1397 533 1453 iu
556 1395 665 1454 oiroulo

114 1504 204 1560 supra
232 1486 470 1545 coniunctionem
488 1503 589 1543 earum
612 1479 687 1560 <per
705 1478 858 1557 equalia>z
881 1481 1044 1540 seeundum
1061 1500 1126 1557 pro·

75 1587 99 1627 15
113 1574 265 1632 bationem
292 1575 386 1652 igitur
413 1574 505 1651 figure
529 1575 563 1631 4Β
590 1573 677 1631 huius
700 1571 795 1646 partis
824 1570 971 1646 sequitur,
1001 1573 1036 1628 ut
1063 1589 1125 1629 oen·

113 1667 193 1721 trum
212 1665 315 1723 oirouli
334 1665 374 1722 sit
392 1666 535 1738 punctum
550 1680 576 1734 ες
601 1664 630 1719 et
648 1661 723 1719 illud
746 1663 800 1734 est,
823 1658 902 1735 quod
926 1659 1125 1719 demonstrare

113 1753 269 1812 voluimus.

179 1841 293 1899 Ponam
321 1841 425 1913 etiam,
452 1843 487 1897 ut
509 1858 568 1897 non
591 1840 651 1898 sint
673 1840 736 1914 ipse
760 1837 988 1914 equidistantes‚
1016 1837 1124 1897 seilicet

114 1929 191 1986 linee
215 1931 256 1987 ob
281 1931 311 1986 et
331 1931 377 2001 by.
419 1928 597 1986 Protraham
615 1929 718 2004 itaque
738 1947 796 2003 eas,
815 1928 909 1986 donec
927 1945 1019 2002 supra
1036 1944 1122 2002 pune·

73 2030 99 2070 ao
113 2020 180 2074 tum
212 2035 226 2075 e
254 2020 444 2091 concurrant,
476 2020 506 2076 et
533 2018 707 2092 protraham
735 2018 808 2078 duas
835 2017 930 2075 lineas
959 2034 1001 2091 op
1028 2020 1058 2074 et
1085 2014 1123 2073 bd

111 3032 173 3072 sese
198 3031 288 3087 supra
310 3014 454 3087 punctum
476 3028 492 3068 a
515 3013 656 3083 secantes
680 3012 710 3067 et
733 3009 895 3085 producam
920 3008 1032 3068 lineam
1056 3008 1118 3070 ert:

111 3103 176 3160 dieo
208 3102 314 3178 igitur,
348 3100 426 3175 quod
459 3102 592 3158 centrum
620 3099 721 3158 oirouli
750 3101 795 3157 est
823 3116 914 3173 supra
940 3097 1052 3156 lineam
1078 3098 1119 3158 ola

110 3191 253 3250 Probatio
282 3191 357 3262 eius,
387 3190 527 3263 quoniam
555 3189 681 3266 angulus
710 3190 775 3261 top
802 3192 847 3245 ost
876 3187 990 3262 equalis
1014 3187 1119 3264 angulo

111 3282 188 3354 opo,
217 3298 250 3338 eo
280 3279 358 3354 quod
386 3280 456 3335 sunt
483 3277 514 3333 in
537 3297 597 3335 una
619 3277 756 3353 portione
780 3276 890 3334 oirouli.
937 3267 999 3355 (Ab
1022 3277 1121 3335 huius·

70 3381 96 3421 25
110 3369 191 3428 modi
220 3369 298 3426 enim
325 3365 426 3444 figuris
449 3366 548 3424 innuit
570 3367 772 3442 probationes,
799 3365 871 3423 licet
893 3365 1042 3440 posterius
1065 3366 1122 3426 sint

181 3545 222 3594 25.
242 3538 313 3592 indii
331 3535 520 3607 probationes.
