2408 3848
116 156 181 220 216
405 153 570 208 aunam
587 152 841 208 commutamur

118 325 153 383 de
178 310 487 405 quantitatemaiore‚
504 328 568 398 que
586 306 1043 397 mensuratione-quantitates,
1065 322 1128 399 nisi

116 417 151 472 ut
173 413 380 495 mensuratio‚'
398 431 455 487 que
479 426 546 495 oum
561 415 611 470 ‘ea'
627 411 675 486 fit,
691 411 743 470 'sit
765 411 895 469 diffinita
916 412 959 488 in¹
970 411 1042 485 hiis,
1067 431 1128 486 que

117 506 189 562 sunt
215 490 380 560 necessaria
408 502 463 574 eis,
491 514 562 576 que·
576 503 646 559 sunt
667 500 766 576 posita
791 501 822 558 in
845 500 941 578 figura
964 502 1071 575 quarta
1096 504 1127 559 et

119 591 234 667 quinte,
256 594 286 649 et
310 609 366 666 que
389 591 459 649 sunt
480 591 549 664 post
571 606 630 648 eas.
749 619 754 629 .

90 691 104 732 a
205 679 330 738 Tereia
353 679 471 759 figure
495 676 643 737 additio.

110 788 114 795 ’
145 757 149 763 ’
208 768 244 827 Si
276 767 622 847 fue-rit'quantitas‚
654 785 673 825 a
705 768 992 842 quaquautitas
1025 767 1056 824 ei
1089 767 1126 823 in

118 857 347 934 longitudine
378 855 641 915 communicans
668 855 891 930 inveniatur,
919 857 988 914 erit
1016 855 1126 913 etiam

118 946 261 1021 reliqua
284 945 548 1026 communicans
573 945 617 1019 ei,
646 947 681 1002 et
704 947 808 1003 eruut
831 963 949 1003 omnes
973 960 1125 1003 commu·-

119 1035 292 1092 nioantes.
345 1034 500 1091 Minuatur
526 1033 621 1110 igitur
648 1052 683 1092 ex
706 1033 877 1108 quantitate
900 1036 943 1092 ab
972 1033 1131 1108 quantitas

79 1135 174 1197 1⁰a9,
204 1125 234 1180 et
261 1123 301 1181 sit
323 1124 365 1181 ab
395 1130 523 1181 eommu-

118 1211 221 1270 nioans
263 1211 427 1287 quantitati
468 1229 523 1285 ay:
564 1204 580 1310 is

118 1299 522 1377 diooigitumquodapoom·

118 1389 251 1447 munioat
283 1391 335 1464 bp,
376 1392 407 1447 et
443 1388 523 1464 quod
634 1397 647 1434 θ
766 1396 781 1435 2

118 1478 182 1554 ipse
219 1477 303 1535 ambe
340 1480 410 1536 sunt
445 1495 522 1536 oom-
633 1450 776 1489 ²¹——'¹

79 1577 106 1618 1⁶
119 1566 304 1625 manicantes
323 1567 372 1625 ab.
408 1565 550 1624 Probatio
569 1566 639 1624 eius.
677 1563 832 1639 Quoniam,
854 1565 958 1624 sinon
975 1565 1066 1623 fuerit
1085 1585 1129 1640 ap

119 1655 340 1714 communicans
358 1655 395 1729 ei,
418 1673 488 1731 ergo
512 1654 552 1712 sit
574 1673 616 1728 ap
638 1653 888 1712 incommuniaans
904 1655 969 1728 obs
990 1654 1059 1712 Non
1083 1657 1130 1713 est

119 1744 213 1821 igitur
239 1744 327 1802 unius
355 1761 456 1800 aarum
484 1742 522 1800 ad
545 1743 671 1801 alteram
693 1741 845 1818 proportio
873 1743 951 1801 siout
973 1744 1129 1819 proportio

120 1832 235 1890 numeri
256 1831 294 1889 ad
312 1849 475 1889 numerum.
509 1829 555 1888 sit
572 1831 674 1906 itaque
692 1831 846 1907 proportio
865 1833 907 1890 ab
930 1832 969 1890 ad
987 1851 1028 1906 ap
1051 1833 1130 1891 siout

120 1919 275 1995 proportio
294 1919 408 1977 numeri
422 1920 462 1977 de
480 1918 519 1977 ad
536 1938 691 1978 numerum
705 1921 756 1980 da:
777 1939 847 1998 ergo
864 1921 1017 1996 proportio
1035 1938 1128 1996 quan—

80 2018 107 2060 ²0
120 2009 219 2066 titatis
243 2026 285 2081 ay
312 2007 351 2065 ad
372 2007 573 2082 quantitatem
593 2011 635 2083 pb
661 2013 707 2068 est
733 2009 811 2068 siout
836 2010 990 2087 proportio
1013 2011 1129 2069 numeri

121 2098 161 2156 da
184 2097 222 2155 ad
243 2115 399 2154 numerum
416 2114 463 2171 ae3
476 2115 557 2174 -ergo
576 2115 619 2172 ap
641 2098 840 2157 communicat
854 2099 909 2172 μῦς
933 2102 963 2157 et
980 2099 1056 2157 illud
1074 2103 1132 2173 est,

121 2186 202 2262 quod
225 2185 425 2244 demonstrare
448 2186 604 2245 voluimus.

211 2272 373 2333 Ostendam
390 2276 525 2350 preterea
544 2275 581 2333 in
603 2275 812 2352 hassigura
827 2275 962 2351 tercia,
986 2275 1074 2351 quod,
1098 2277 1130 2334 si

123 2364 309 2440 quantitas
332 2382 540 2423 mensurans
565 2364 650 2423 duas
675 2364 904 2439 quantitates
929 2383 997 2423 non
1015 2365 1131 2423 fuerit

81 2453 310 2528 sequentias
342 2453 468 2525 maior,
507 2452 586 2527 ipsa
622 2452 847 2511 mensurabit
884 2453 1131 2528 quantitatem

121 2542 292 2601 maiorem
324 2560 539 2601 communem
571 2544 834 2600 mensurantem
862 2542 949 2601 duas
983 2543 1131 2617 quanti·

122 2624 256 2708 tateal)

214 2718 261 2776 Sit
277 2738 347 2796 ergo
367 2719 519 2794 quantitas
537 2737 710 2779 mensurans
729 2719 802 2778 duas
822 2720 1006 2795 quantitates
1025 2722 1074 2796 ab,
1085 2711 1133 2793 qd

123 2807 275 2884 quantitas
302 2825 319 2867 a
349 2803 401 2885 <et
427 2808 467 2867 sit
494 2807 646 2882 quantitas
671 2809 714 2882 aa
746 2809 898 2883 quantitas
924 2809 1021 2868 maior
1052 2801 1131 2868 oomss

81 2896 220 2956 amanis
238 2914 412 2955 mensurans
430 2896 503 2955 duas
523 2896 706 2972 quantitates
726 2899 772 2973 ab,
783 2899 835 2972 qd:
859 2897 924 2956 dieo
948 2916 1028 2977 ergo,
1051 2898 1133 2973 quod

124 2985 276 3063 quantitas
302 3003 319 3045 a
349 2987 499 3044 mensuret
532 2985 732 3061 quantitatem
756 2987 807 3061 qh.
859 2985 1002 3045 Probatio
1036 2983 1131 3064 eius>

121 3074 196 3150 quia
219 3075 263 3147 ph
293 3077 446 3134 mensurat
473 3074 673 3149 quantitatem
695 3077 740 3134 be.
797 3075 854 3135 Sed
885 3076 952 3151 ipsa
978 3079 1134 3135 mensurat

124 3162 324 3241 quantitatem
341 3166 438 3221 totam
451 3164 501 3237 ab,
521 3181 591 3240 ergo
608 3163 675 3240 ipsa
693 3168 844 3224 mensurat
863 3165 1065 3240 quantitatem
1080 3183 1133 3246 ea3

195 3355 220 3404 7.
239 3347 418 3404 eomunieaus
437 3355 462 3405 et
478 3351 518 3405 aia
535 3366 643 3420 semper.
662 3383 697 3391 -
717 3356 758 3405 16.
779 3349 827 3407 eie.
847 3382 881 3393 —
902 3355 944 3406 18.
963 3354 1006 3406 est
1024 3351 1105 3406 sieut.

59 3528 223 3624 Μ
240 3525 294 3582 os.
304 3529 425 3583 notam
440 3545 468 3596 p.
479 3531 543 3582 215:
562 3528 630 3595 „Ea
641 3529 690 3584 hoo
703 3531 795 3599 itaqeae
811 3529 986 3597 manifestam
1005 3533 1060 3584 est“
1079 3532 1133 3584 eto.
