2408 3848
331 162 335 168 '
392 157 443 211 AD
460 154 646 212 EUCLIDEM
663 152 730 211 LIB.
744 157 784 210 ll.¹
1016 154 1081 219 315

70 328 127 399 off,
156 329 185 383 et
213 326 395 401 quadratum
423 325 564 402 quadrati
590 328 627 385 bc
655 327 700 385 est
725 323 922 384 sextadecima
945 323 1087 400 quadrati

72 415 165 473 totius
195 416 248 490 by,
277 415 420 491 quoniam
448 417 486 474 bc
513 417 558 474 est
584 414 728 474 medietas
755 416 802 488 bo.
850 412 998 482 Quoniam
1020 412 1086 487 ipsa

72 506 120 562 est
141 503 227 561 radix
249 504 357 563 radicis
382 505 456 580 256,
480 523 549 581 ergo
573 504 753 580 quadratum
775 503 852 562 linee
876 503 921 560 od
938 501 1086 562 estradis

72 591 199 668 triginta
218 592 346 651 duorum
365 596 395 652 et
414 595 443 668 4,
462 609 533 669 ergo
551 593 630 651 linea
649 594 693 652 od
711 593 791 650 est4
810 594 841 649 et
858 590 943 649 radix
961 590 1087 668 triginta

70 680 199 738 duorum
227 685 350 758 accepta
377 683 440 740 eius
469 679 581 755 radium
610 684 640 739 et
668 680 849 757 quadratum
875 679 951 738 linae
975 681 1016 738 db
1040 683 1125 738 este

72 769 157 827 radix
184 770 468 846 trigintaduorum
496 769 608 845 absque
636 772 669 844 4,
700 773 730 828 et
756 768 842 827 linea-
863 770 903 828 dc
929 772 975 828 est
1000 769 1085 827 radix

71 857 198 935 triginta
226 859 352 917 duorum
379 859 491 934 absque
519 860 539 916 4
568 860 691 934 accepta
713 857 776 916 eius
799 857 907 916 radice.
952 857 1085 916 blinnam

74 965 145 1023 ergo
168 947 303 1006 additum
327 966 393 1006 curn
411 944 566 1023 dimmutd
590 949 621 1006 et
638 945 833 1005 remanebunt
850 940 955 1024 <duo>
971 946 1083 1006 radices

70 1035 197 1113 triginta
215 1036 350 1111 duorum,
368 1056 425 1112 que
444 1038 490 1094 est
507 1035 656 1111 quadrata
673 1037 729 1110 od,
749 1035 791 1093 db
804 1029 1013 1112 <coniuncta>,
1028 1036 1084 1094 hoc

73 1128 119 1182 est
145 1123 230 1182 radix
260 1127 335 1200 128,
363 1129 394 1184 et
421 1127 467 1184 est
494 1125 599 1200 equale
626 1123 772 1200 quadrato
801 1124 851 1182 ob.
898 1122 956 1181 Sed
979 1125 1016 1182 be
1039 1127 1103 1182 est»

70 1213 185 1288 equalis
208 1215 262 1288 da,
285 1218 316 1272 at
338 1213 508 1290 superficies
531 1215 572 1272 ob
595 1213 627 1271 in
649 1215 690 1272 de
712 1215 758 1271 est
780 1212 894 1288 equalis
918 1212 1084 1286 superficiei

72 1302 116 1360 od
138 1301 170 1359 in
192 1303 247 1376 db,
271 1318 340 1380 ergo
364 1302 535 1379 superficies
557 1303 602 1360 od
623 1302 656 1360 in
678 1303 720 1361 db
744 1303 789 1359 est
813 1300 983 1374 rationalis,
1010 1319 1082 1376 qno·

71 1390 153 1448 niam
175 1391 216 1449 ab
239 1383 271 1448 in
294 1393 332 1451 be
354 1394 400 1451 est
422 1392 538 1468 equalis
561 1393 606 1450 ab
622 1391 653 1448 in
672 1390 774 1465 daut
793 1389 885 1449 etiam
902 1388 1083 1464 quadratum

73 1480 115 1538 ob
139 1475 184 1538 θεὴ
206 1479 342 1556 mediale,
365 1484 396 1540 et
417 1481 516 1557 ipsum
538 1483 583 1539 est
605 1480 711 1555 equale
734 1478 847 1537 duobus
867 1478 1021 1554 quadratis
1039 1480 1084 1538 od

67 1570 102 1626 et
124 1569 165 1628 db
189 1569 367 1628 coniunctis:
393 1587 462 1647 ergo
486 1569 544 1628 duo
568 1569 717 1645 quadrata
739 1569 784 1639 od
807 1569 837 1625 et
859 1568 905 1626 db
924 1567 1083 1626 coniuncta
1097 1582 1122 1623 ιιι

70 1661 140 1716 ειιιιὴ
166 1658 300 1717 mediale.
350 1658 430 1735 Ergo
459 1660 503 1717 ad
529 1660 560 1718 et
587 1659 629 1720 do
657 1659 727 1716 sunt
753 1657 785 1715 in
811 1656 948 1733 potentia
972 1655 1081 1715 incom·

69 1746 254 1806 manicantes
278 1750 308 1805 et
331 1747 515 1806 continentes
539 1747 723 1822 superficiem
745 1745 932 1818 rationalem,
956 1764 1082 1820 quarum

68 1835 217 1910 quadrata
244 1836 402 1894 coniuncta
430 1839 499 1894 sunt
526 1835 665 1910 mediale3
694 1839 725 1894 et
746 1835 823 1893 illud
846 1837 903 1909 est,
925 1831 1010 1909 *quod
1033 1833 1081 1891 de-

69 1926 234 1981 monstrare
257 1925 411 1983 voluimus.
867 1953 870 1957 ·

159 2010 199 2068 In
231 2011 401 2071 vicesimo
433 2015 586 2088 septimo
621 2014 696 2072 nihil
727 2017 875 2086 mutatur,
908 2012 965 2070 nisi
1000 2011 1121 2088 quodne

67 2097 165 2173 figura
188 2099 318 2159 numeris
341 2101 397 2160 hoc
418 2102 505 2159 modo
528 2102 662 2161 inscribit
649 2105 707 2160 t.ur

229 2261 1111 2727 R

424 2794 426 2796 ·
521 2763 734 2819 mammaeam
469 2698 874 2772 ¹

157 2914 265 2973 Postea
292 2932 362 2972 vero
390 2933 425 2972 ex
451 2912 551 2988 lineis,
578 2934 613 2972 ex
641 2913 747 2988 quibus
775 2845 989 2990 compositio
976 2919 1006 2974 t
1029 2916 1077 2973 de

63 3003 197 3080 signatio
221 3005 291 3071 sunt
312 3003 467 3061 rationalis
491 2958 659 3061 coniunctio
683 3005 713 3060 et
732 3003 891 3079 separatio,
914 3005 1077 3079 ostendam,

66 3091 197 3166 qualiter
219 3091 273 3150 fiat
296 3091 463 3150 coniunctio
486 3094 517 3150 et
539 3091 696 3167 separatio.
738 3092 850 3151 Earum
868 3091 988 3169 quidem
1006 3096 1077 3152 sunt

66 3179 125 3237 due
149 3181 225 3238 linee
248 3183 367 3282 tantum
389 3179 421 3238 in
443 3181 578 3255 potentia
595 3180 756 3240 rationales
776 3183 806 3239 et
824 3182 1075 3282 communicantes
1090 3194 1116 3235 ss

138 3388 234 3436 3.-10
258 3385 359 3438 Verba:
377 3399 486 3453 ergo..
498 3383 665 3452 .quadrato
682 3387 751 3440 ab
739 3404 771 3440 eo
784 3385 899 3454 Mscpto
912 3348 1005 3464 poet,
1008 3402 1074 3451 me-

63 3452 557 3525 diale“lioco16lc9metur—-.t
576 3455 733 3511 remanebit
751 3456 893 3512 radin-
913 3461 960 3508 25
976 3454 1013 3506 in
1024 3474 1081 3520 no-

64 3523 158 3579 tentia
171 3524 337 3597 rationales]
355 3528 484 3595 potentes
503 3524 668 3583 rationales
722 3566 723 3569 ι
858 3548 885 3563 ·
949 3556 953 3563 ·
