2408 3848
124 154 188 220 338
408 144 574 210 ANARITH
593 156 849 212 COMMENTARII

121 324 230 399 triplus
255 325 324 383 61116.
366 325 525 384 Assumam
548 328 648 384 autem
670 326 794 403 triplum
818 329 870 404 36,
894 329 956 388 erit
975 349 1053 410 ergo
1075 335 1143 410 108,

122 413 202 488 quod
225 416 270 472 est
293 414 472 489 quadratum
494 414 571 472 11166
593 417 639 474 ab.
681 416 794 475 Deinde
814 418 984 496 attendam,
1011 426 1142 496 quantus

122 504 162 561 sit
183 503 332 561 ternarius
356 503 394 561 ad
419 505 451 576 53
475 504 531 562 erit
554 522 681 580 namque
705 497 748 584 36,.
793 505 954 582 Accipiam
979 529 1057 588 ergo
1081 531 1141 572 cen·

122 610 199 666 sum,
228 591 309 649 cuius
337 583 370 670 ss
399 592 459 650 sint
488 593 542 667 36,
570 593 622 668 qui
650 597 694 652 est
722 596 776 670 60,
805 596 835 653 66
856 595 923 672 1666
950 599 1080 674 quidem
1103 605 1143 660 est

94 679 300 756 aquadratum
326 680 403 738 11166
430 682 472 739 bt
518 681 585 740 Erit
613 702 697 760 ergo,
724 687 759 742 ut
785 683 871 743 radix
901 687 970 746 108
1001 691 1037 748 66
1060 689 1142 749 radix

457 837 472 885 6

279 904 283 940 1
655 905 678 942 16

215 1017 226 1064 t
322 1013 406 1066 161666
425 1017 461 1067 60
558 1013 576 1064 b
717 1013 801 1068 raab
818 1017 875 1068 108
1031 1036 1049 1074 z

216 1083 219 1119 Ι
408 1083 569 1118 --ἱ
1035 1091 1039 1128 Ι

275 1192 860 1287 661646

278 1262 862 1342 -ημ--ῑὲ

525 1368 619 1406 novem

623 1430 874 1531 ,11

117 1609 159 1667 60
187 1608 226 1668 616
252 1609 417 1668 binomium
442 1609 576 1668 tercium.
626 1609 681 1668 ast
709 1628 778 1686 ergo
805 1609 962 1684 proportio
994 1613 1012 1669 6
1017 1631 1055 1688 6,
1087 1616 1136 1690 qui

116 1701 161 1756 666
186 1701 213 1773 9,
238 1698 276 1756 ad
296 1700 349 1774 qd,
372 1699 424 1774 qui
447 1702 492 1757 est
516 1699 545 1773 5,
568 1697 645 1756 siout
667 1697 821 1774 proportio
847 1698 908 1756 108
934 1698 976 1756 ad
998 1702 1055 1778 60,
1082 1723 1138 1780 que

116 1789 161 1844 est
182 1788 336 1862 proportio
359 1787 526 1846 medietatis
551 1790 581 1844 et
602 1787 697 1845 medie
720 1805 804 1846 none.
848 1785 1022 1847 Secundum
1043 1792 1139 1851 alium

116 1894 234 1951 quoque
265 1875 387 1935 modum
418 1875 623 1951 multiplicabo
656 1877 708 1951 66,
740 1874 821 1951 quod
852 1878 897 1934 666
926 1879 959 1951 9,
995 1877 1029 1936 in
1063 1901 1137 1957 qua-

75 1978 102 2016 ro
117 1963 236 2021 dratum
263 1982 295 2038 6,
323 1963 403 2039 quod
431 1968 476 2023 est
504 1966 558 2040 36,
587 1964 644 2023 erit
672 1984 741 2042 ergo
766 1966 842 2038 3243
871 1963 1007 2024 dividam
1031 1973 1139 2029 autem

116 2051 214 2127 ipsum
241 2071 295 2127 661
323 2071 348 2129 6,
383 2052 434 2128 qui
462 2056 506 2112 666
535 2055 568 2129 3,
595 2053 770 2130 provenient
798 2071 868 2131 ergo
897 2054 977 2129 108,
1007 2057 1065 2132 qui
1095 2063 1140 2118 est

116 2159 176 2198 una
199 2140 324 2198 duarum
347 2141 501 2200 linearum.
546 2143 661 2201 Deinde
683 2141 889 2218 multiplicabo
914 2143 932 2200 5
956 2143 991 2201 in
1017 2146 1079 2223 36,
1110 2152 1140 2207 66

114 2229 291 2304 provenient
315 2231 391 2306 1803
415 2231 547 2290 dividam
570 2235 671 2290 autem
693 2231 793 2308 ipsum
814 2251 868 2308 661
892 2231 920 2306 3,
944 2234 976 2290 66
1000 2235 1064 2294 6116
1087 2240 1138 2298 60.

114 2317 246 2396 Longior
286 2338 355 2397 ergo
395 2339 484 2396 supra
519 2321 685 2380 breviorem
721 2323 821 2396 potest
858 2338 926 2378 cum
964 2329 1137 2400 augmento

74 2419 100 2459 15
115 2407 267 2483 quadrati,
299 2408 379 2484 quod
411 2411 456 2467 est
486 2411 541 2486 48,
574 2410 653 2486 quod
682 2411 726 2468 est
754 2408 971 2469 communicans
1005 2413 1074 2472 108
1105 2415 1136 2474 in

113 2496 298 2573 longitudine
317 2498 459 2574 quoniam
475 2502 520 2558 est
539 2491 572 2578 26,
592 2500 664 2574 eius,
684 2501 714 2557 66
731 2499 803 2575 quia
822 2517 856 2556 ex
874 2498 1137 2575 multiplicatione

113 2586 200 2643 unius
232 2604 333 2644 eorum
365 2588 397 2644 in
429 2588 556 2646 altemm
583 2588 721 2664 provenit
749 2587 919 2664 quadratus,
970 2585 1061 2656 Quod
1092 2595 1137 2652 616

112 2673 263 2749 probatur.
315 2674 390 2744 Quia
420 2675 499 2734 enim
525 2677 678 2753 proportio
706 2678 746 2752 66
773 2675 811 2735 ad
839 2694 853 2735 6
881 2679 926 2735 666
952 2676 1034 2738 616116
1062 2700 1136 2756 pro-

112 2763 209 2838 portio
238 2763 377 2839 quadrati
403 2766 443 2826 66
466 2765 504 2824 ad
528 2766 708 2842 quadratum
731 2784 763 2842 6,
792 2769 823 2824 66
844 2764 999 2842 proportio
1025 2769 1069 2842 66
1095 2771 1136 2829 ad

73 2865 128 2910 666
155 2871 214 2910 161
242 2855 287 2911 666
315 2853 393 2913 61666
419 2856 572 2931 proportio
600 2855 716 2913 numeri
741 2855 882 2932 quadrati
905 2853 942 2912 ad
964 2873 1135 2918 numerum

113 2941 305 3017 quadratum,
337 2945 368 3000 et
398 2945 552 3020 proportio
584 2943 724 3019 quadrati
755 2945 793 3004 66
826 2943 863 3001 ad
896 2942 1083 3019 quadratum
1114 2967 1134 3008 6

111 3047 171 3088 11611
208 3033 252 3088 666
283 3031 360 3090 61616
390 3034 544 3110 proportio
576 3032 691 3091 numeri
723 3032 862 3108 quadrati
894 3031 932 3090 ad
963 3051 1133 3096 numerum

112 3117 303 3194 quadratum:
331 3140 401 3198 ergo
428 3123 467 3181 66
495 3123 664 3199 seiungitur
686 3132 706 3181 ’6
728 3122 760 3179 11
782 3119 968 3199 longitudine
991 3125 1025 3182 et
1048 3143 1133 3184 com-

110 3208 244 3266 municat
272 3207 300 3266 ei
326 3209 357 3266 in
384 3212 528 3286 potentia.
575 3210 633 3269 Sed
655 3228 673 3269 6
698 3213 743 3269 666
765 3209 934 3285 1661616116,
963 3213 993 3268 66
1016 3214 1059 3272 ab
1083 3220 1134 3275 est

72 3296 267 3356 661661616116
295 3296 492 3374 1166661616.
538 3299 579 3358 Et
601 3299 739 3357 similiter
760 3301 957 3376 monstratur,
985 3302 1071 3375 quod
1094 3305 1134 3364 at

112 3390 157 3445 est
187 3386 343 3445 rationalis
375 3389 406 3446 in
437 3389 573 3464 potentia
601 3391 630 3446 et
658 3388 792 3446 seiuncta
819 3407 839 3447 6
866 3388 898 3446 in
924 3387 1132 3466 longitudine.

180 3543 204 3592 5.
224 3537 393 3604 quadratum
410 3546 428 3610 6
445 3539 519 3595 11166
537 3541 577 3596 at.
597 3539 769 3608 -16111116
789 3544 848 3594 108.
869 3571 901 3580 -
922 3539 1018 3594 18611
1038 3544 1086 3600 de.
