2408 3848
106 171 172 237 276
394 170 560 225 ANARITII
579 169 835 226 COMMENTARII

106 341 185 399 linee
209 342 262 414 cb,
287 340 385 414 sitque
408 339 487 397 linea
508 357 562 414 cy,
586 341 616 396 et
635 339 786 415 complebo
805 339 998 398 lineationem
1018 339 1127 417 figure,

108 432 138 488 et
161 429 293 488 dividam
317 428 413 486 abin
436 428 494 486 duo
517 427 615 485 media
637 445 728 503 supra
751 446 777 502 e,
805 431 836 486 et
858 428 1036 504 protraham
1059 449 1128 505 per-

107 518 328 594 pendicularem
356 534 400 575 cc.
451 517 531 592 Ergo
558 516 769 592 multiplicatio
798 519 853 592 ab,
882 536 939 592 que
968 519 1015 575 est
1039 519 1128 576 radix

107 606 216 683 viginti
240 606 381 681 quinque,
398 599 472 682 (in)
490 623 545 678 cp,
565 624 623 679 que
642 608 688 663 est
705 605 848 664 medietas
867 607 923 679 ab,
941 608 987 664 est
1005 607 1128 681 equalis

82 694 262 753 medietati
293 693 403 770 viginti
431 692 580 769 quinque:
609 713 679 770 ergo
707 694 874 769 superficies
903 696 948 753 ud
975 697 1022 752 est
1051 695 1128 754 duo-

108 784 204 842 decim
235 786 266 841 et
296 782 449 840 medietas.
500 782 558 841 Sed
589 781 757 858 superficies
787 802 829 842 co
859 786 904 841 est
931 782 1128 860 quadratum,

109 872 252 948 quoniam
287 871 322 928 fit
359 891 393 929 ex
418 866 422 948 l
447 871 696 947 multiplicatione
733 889 772 930 oc
806 873 838 929 in
870 890 923 946 aq,
961 890 1020 946 que
1055 876 1128 931 sunt
1145 879 1167 927 δέ

109 961 243 1037 equales:
269 979 339 1036 ergo
362 960 428 1036 ipsa
451 963 497 1018 est
519 977 569 1018 sex
592 963 623 1018 et
646 963 761 1035 quarta.
807 960 887 1037 Ergo
910 959 997 1018 radix
1020 980 1127 1038 super·

107 1049 186 1108 ficiei
213 1068 255 1108 oc
283 1052 328 1107 est
355 1048 413 1107 duo
442 1052 472 1106 et
499 1049 655 1123 medietas,
684 1067 741 1123 que
769 1052 814 1107 est
841 1048 985 1107 medietas
1012 1051 1128 1110 radicis

70 1151 96 1190 1o
109 1138 219 1216 viginti
237 1138 377 1213 quinque.
413 1137 479 1195 Iam
497 1157 567 1214 ergo
586 1137 770 1196 declaratum
789 1141 842 1213 est,
865 1137 953 1213 quod,
975 1138 1000 1195 si
1020 1141 1127 1199 multi·

109 1227 319 1304 plicaverimus
347 1225 537 1285 medietatem
566 1226 596 1284 in
619 1226 822 1300 medietatem,
846 1231 876 1285 et
898 1226 1018 1300 deinde,
1044 1231 1128 1304 quod

109 1315 260 1392 provenit,
291 1316 324 1373 in
351 1333 485 1388 censum,
516 1317 547 1373 et
573 1315 771 1390 acceperimus
800 1316 862 1373 eius
889 1315 1035 1391 radicem,
1070 1319 1129 1376 erit

109 1400 236 1483 (radix)
259 1403 342 1478 illud,
366 1404 447 1480 quod
467 1403 660 1479 querebatur,
684 1408 714 1463 ot
733 1404 809 1461 illud
827 1407 880 1479 est,
903 1404 983 1479 quod
1002 1405 1128 1466 demon-

110 1499 205 1553 strare
227 1493 386 1552 voluimus.

71 1594 97 1634 15
201 1581 362 1640 Omnium
395 1581 545 1640 duorum
577 1601 801 1640 numerorum
834 1581 1004 1640 continue
1040 1604 1128 1660 qua-

111 1672 297 1730 dratorum
333 1688 513 1743 numeruS,
556 1669 616 1743 qui
652 1671 705 1726 est
742 1670 856 1729 maior
891 1665 1054 1747 <minore
1095 1677 1131 1732 et

110 1755 251 1836 minor>
287 1757 421 1815 maiore
459 1759 512 1814 est
549 1757 692 1831 surdus,
729 1762 828 1817 caret
864 1759 956 1817 enim
992 1761 1129 1822 radice.

110 1848 204 1906 Verbi
231 1845 330 1924 gratia
356 1845 417 1904 sint
443 1845 571 1903 duarum
597 1846 745 1904 linearum
772 1849 814 1906 cb
842 1851 872 1906 et
900 1849 939 1922 by
965 1848 1024 1908 duo
1054 1871 1130 1926 qua-

113 1936 200 1994 drata
223 1935 378 2008 continua,
401 1953 458 2009 que
481 1934 542 1992 sint
564 1954 670 1994 novem
693 1938 724 1993 et
746 1936 903 1995 sexdecim:
932 1937 997 1996 dico
1021 1938 1130 2017 igitur,

72 2038 98 2076 2⁰
114 2025 193 2100 quod
220 2040 372 2096 numerus,
401 2023 453 2098 qui
480 2026 525 2081 est
549 2023 645 2083 maior
667 2044 773 2084 novem
796 2028 826 2083 et
848 2025 945 2085 minor
967 2027 1131 2105 sexdecim,

112 2117 158 2172 est
182 2130 320 2170 numerus
344 2130 403 2169 non
427 2111 604 2186 quadratus,
633 2113 714 2188 quod
736 2113 777 2172 sic
799 2114 956 2188 probatur,
981 2119 1132 2190 quoniam

484 2613 986 2720 1--ll-l--m

114 2824 160 2880 est
187 2821 368 2897 impossibile
396 2821 485 2879 aliter
511 2840 582 2880 esse.
634 2821 718 2891 Quod
745 2825 770 2882 si
795 2825 885 2883 fuerit
907 2824 1062 2902 possibile,
1090 2831 1131 2889 sit

114 2911 175 2986 ille,
199 2911 251 2986 qui
274 2913 318 2969 est
339 2912 419 2968 inter
441 2929 499 2985 θοθ,
522 2910 696 2986 quadratus,
719 2913 772 2988 qui
794 2913 834 2972 sit
856 2914 935 2972 linea
958 2916 1003 2989 lot,
1033 2919 1065 2974 et
1090 2921 1131 2978 sit

115 2999 195 3057 linea
219 3018 254 3058 oc
277 2999 363 3057 radix
385 3018 504 3074 novem,
532 3019 589 3074 que
613 3003 658 3059 est
679 3004 753 3077 troo,
782 3005 812 3060 et
834 3021 873 3064 cc
895 3004 934 3062 sit
956 3004 1038 3062 latus
1062 3024 1131 3066 sex-

75 3100 102 3142 us
116 3089 222 3164 decim,
251 3108 307 3164 que
331 3091 377 3147 est
400 3091 536 3164 quatuor.
583 3087 724 3148 Omnium
749 3095 850 3150 autem
873 3091 999 3150 duorum
1022 3113 1130 3154 nume·

114 3197 216 3237 rorum
253 3177 392 3236 continue
430 3177 645 3253 quadratorum
678 3179 860 3255 superfluum
895 3181 1002 3240 radicis
1036 3186 1131 3245 unius

115 3284 205 3342 supra
228 3266 358 3324 radicem
381 3267 503 3324 alterius
527 3270 572 3325 est
593 3267 702 3326 unitas.
740 3267 787 3326 Sit
810 3288 879 3346 ergo
902 3271 1003 3330 unitas
1021 3273 1072 3349 hc,
1100 3279 1133 3334 et

115 3355 156 3414 sit
182 3373 320 3413 numerus
349 3355 526 3430 quadratuS,
558 3355 612 3431 qui
644 3359 689 3415 est
715 3357 811 3417 maior
837 3378 944 3418 novem
971 3362 1001 3418 et
1028 3362 1133 3424 minor

115 3443 269 3519 sexdecim,
288 3445 333 3519 tt,
352 3443 430 3502 sicut
448 3444 608 3520 posuimus.
645 3445 685 3503 Et
704 3445 774 3520 quia
792 3448 826 3504 tlc
844 3451 889 3506 ost
906 3448 1001 3507 maior
1019 3470 1132 3513 novem

75 3543 102 3584 ⁸⁰
117 3536 147 3592 et
169 3533 266 3592 minor
288 3532 442 3608 sexdecim,
466 3533 546 3608 quod
569 3536 614 3592 est
636 3534 731 3593 maior
754 3536 795 3594 ab
819 3539 849 3594 et
866 3537 963 3596 minor
981 3539 1030 3612 do,
1055 3560 1132 3620 ergo
