2408 3848
108 167 175 230 244
394 165 560 220 ANARITII
578 163 835 220 COMMENTARII

197 335 312 393 Ponam
337 333 449 392 lineam
476 334 531 406 ab,
559 352 650 408 quam
673 352 762 408 supra
785 336 928 408 punctum
948 353 968 409 9
989 334 1022 392 in
1045 334 1125 396 duas

108 424 267 499 sectiones,
295 422 532 499 qualiterumque
561 421 682 496 accidit,
705 421 824 481 secabo:
847 423 925 498 dico,
949 424 1029 499 quod
1052 445 1124 500 pro·

108 513 207 589 portio
230 513 308 570 linee
331 512 372 570 ab
396 511 435 569 ad
456 511 567 569 lineam
589 512 629 586 bp
649 514 695 570 est
713 511 789 569 sicut
807 512 960 588 proportio
980 513 1125 588 quadrati

109 603 151 661 ab
176 602 214 660 ad
236 599 431 676 superficiem,
454 618 546 675 quam
569 600 722 660 continent
740 599 796 658 due
815 601 892 660 linee
912 603 953 660 ab
973 604 1003 660 et
1022 604 1072 677 ὺ9,
1094 607 1126 662 et

49 735 52 741 .
82 691 187 749 asicut
213 688 365 766 proportio
393 688 572 764 superficiei,
599 708 689 764 quam
716 689 869 749 continent
895 690 951 748 due
977 691 1054 749 linee
1081 695 1125 752 ab

110 782 141 838 et
164 781 211 854 ὸ9,
235 777 274 836 ad
297 776 477 854 quadratum
499 780 547 852 tp.
583 777 724 837 Probatio
748 777 824 854 eius,
848 781 988 855 quoniam
1012 781 1125 840 consti-

109 871 194 926 tuam
216 885 307 942 supra
325 867 367 925 ab
391 865 570 942 quadratum
588 868 632 926 ad
655 869 685 924 et
707 885 774 941 pro·

109 956 229 1015 traham
249 973 289 1031 pe
315 954 546 1030 equidistantem
568 956 624 1029 bd,
651 957 681 1013 et
703 973 770 1030 pro·
1095 987 1122 1041 k.

110 1045 218 1104 ducam
242 1044 420 1102 diametrum
442 1045 496 1119 bt,
521 1063 578 1120 que
602 1043 713 1102 secabit
734 1061 774 1118 pe
836 996 861 1048 d
944 1026 1081 1300 r

71 1147 97 1188 ro
111 1153 200 1210 supra
230 1135 376 1210 punctum
403 1151 432 1207 a,
464 1151 482 1190 a
514 1151 573 1208 quo
600 1133 773 1208 protraham

110 1223 222 1282 lineam
245 1222 476 1298 equidistantem
499 1223 554 1298 ab,
582 1241 640 1297 que
669 1223 749 1280 sitb

112 1311 287 1388 Superficies
303 1311 396 1387 igitur
407 1311 452 1386 9ἀ
470 1313 515 1369 est
529 1310 684 1386 equalis
660 1330 687 1369 er
689 1330 772 1386 ,que
840 1288 1125 1496 ior·

112 1401 281 1460 continetur
303 1400 340 1459 ab
364 1401 405 1458 ab
429 1402 459 1457 et
482 1401 530 1475 ὂ9,
553 1403 584 1458 et
606 1400 677 1476 quia
700 1418 772 1475 qua·
874 1322 945 1468 A

112 1489 231 1548 dratum
254 1491 298 1549 ad
326 1491 372 1548 est
399 1507 491 1564 supra
517 1489 628 1547 lineam
656 1490 710 1564 ab,
743 1491 773 1546 et

75 1588 101 1630 15
115 1578 284 1655 superficies
297 1579 342 1651 qd
360 1581 405 1636 est
423 1595 513 1652 supra
527 1578 639 1636 lineam
650 1579 700 1652 pb,
719 1577 777 1635 erit

112 1667 264 1743 proportio
289 1668 329 1725 ab
354 1665 392 1724 ad
414 1666 454 1740 by
477 1666 554 1724 sicut
571 1665 724 1741 proportio
744 1664 885 1741 quadrati
903 1666 943 1723 ab
963 1664 1001 1722 ad
1019 1683 1126 1741 super-

112 1755 221 1829 ficiem,
250 1773 340 1830 quam
367 1755 521 1813 continent
546 1754 624 1812 linee
652 1756 693 1813 ab
717 1757 747 1812 et
773 1755 820 1828 by.
867 1753 926 1812 Sed
952 1754 1126 1829 superficies

113 1848 149 1903 ta
176 1846 221 1902 est
243 1843 358 1918 equalis
381 1841 546 1918 superficiei
566 1844 623 1917 pd:
647 1861 715 1919 ergo
740 1843 893 1918 proportio
919 1841 1058 1918 quadrati
1081 1846 1127 1904 ab

114 1933 153 1991 ad
175 1931 361 2008 superficiem
383 1935 419 1989 ta
441 1933 486 1989 est
508 1931 585 1989 sicut
606 1931 759 2008 proportio
782 1932 860 1990 lineo
884 1933 925 1990 ab
949 1932 988 1990 ad
1012 1931 1128 1991 lineam

73 2032 100 2073 ao
114 2023 131 2081 b
138 2041 166 2096 9.
217 2019 275 2077 Sed
306 2019 459 2096 proportio
491 2019 656 2095 superficiei
683 2025 717 2079 ta
744 2019 783 2078 ad
811 2020 992 2096 quadratum
1018 2024 1052 2094 tp
1079 2026 1128 2081 est

114 2111 193 2169 sicut
219 2108 372 2185 proportio
400 2110 441 2167 ab
465 2108 504 2167 ad
526 2127 581 2184 99,
605 2112 636 2168 et
657 2109 713 2167 hoo
735 2109 895 2168 secundum
916 2108 1129 2185 probationem

113 2199 208 2276 figure
230 2197 325 2273 prime
348 2198 443 2272 partis
462 2200 555 2257 sexte:
579 2217 649 2275 ergo
667 2198 820 2274 proportio
839 2198 980 2273 quadrati
996 2199 1071 2256 facti
1090 2219 1129 2258 ex

115 2289 156 2348 ab
184 2287 223 2345 ad
249 2285 447 2362 superficiem,
471 2306 561 2362 quam
588 2287 741 2346 continent
767 2289 809 2346 ab
836 2289 867 2345 et
893 2289 946 2362 ὒ9,
974 2289 1019 2346 est
1046 2286 1129 2348 sicut

114 2375 268 2452 proportio
292 2375 465 2451 superficiei,
489 2395 581 2452 quam
599 2376 752 2435 continent
770 2377 812 2435 ab
832 2379 862 2434 et
880 2377 920 2450 tp
938 2376 977 2434 ad
996 2376 1127 2451 quadra-

76 2468 183 2524 neum
210 2465 256 2538 bp.
307 2465 387 2542 Ergo
414 2465 567 2540 proportio
596 2467 637 2524 ab
665 2465 704 2523 ad
731 2466 770 2540 by
797 2467 843 2523 est
869 2464 948 2523 sicut
970 2466 1127 2540 proportio

115 2553 257 2630 quadrati
283 2555 324 2612 ab
353 2553 391 2611 ad
418 2553 602 2629 superficiem
629 2555 671 2612 ab
697 2552 729 2610 in
756 2555 795 2628 by
818 2556 848 2611 et
871 2553 947 2612 sicut
968 2555 1127 2630 proportio

113 2641 286 2718 superficiei,
310 2662 366 2717 que
385 2642 555 2701 continetur
573 2642 611 2701 ab
629 2643 671 2701 ab
695 2644 725 2700 et
743 2643 791 2717 tp,
815 2642 854 2700 ad
871 2641 1052 2718 quadratum
1072 2645 1127 2719 b93

113 2733 144 2789 et
166 2730 243 2788 illud
266 2733 323 2804 est,
346 2731 426 2806 quod
448 2731 650 2790 demonstrare
673 2730 830 2790 voluimus.

201 2819 337 2896 Figura
363 2819 530 2895 secunda,
559 2838 635 2877 oum
662 2838 730 2895 qua
758 2821 812 2878 est
840 2819 1062 2895 operandum
1090 2821 1128 2880 in

74 2907 265 2986 sofiguris‚
287 2926 355 2983 que
372 2911 453 2983 post
472 2927 546 2967 earn
564 2909 778 2984 sequuntur,
797 2909 831 2966 et
848 2911 930 2984 post
947 2928 1035 2986 eam,
1057 2929 1128 2986 que

116 2996 301 3074 precessit.

207 3083 413 3161 Ostendam,
440 3085 600 3161 qualiter
628 3086 671 3144 ad
692 3085 826 3144 lineam
848 3088 984 3145 rectam
1006 3086 1130 3146 datam

118 3173 339 3250 adiungatur
375 3174 589 3250 superficies
627 3174 827 3252 orthogona
863 3175 1004 3251 equalis
1040 3195 1128 3251 qua·

118 3261 221 3322 drato
245 3263 336 3320 dato.
374 3261 420 3321 Sit
443 3282 512 3340 ergo
535 3263 616 3322 linea
637 3265 720 3322 reeta
743 3263 822 3340 data,
846 3263 885 3322 ad
908 3283 999 3340 quam
1021 3264 1130 3324 adiun-

75 3369 105 3413 ιι
117 3351 209 3428 gutur
233 3349 417 3427 superflum,
443 3351 522 3410 linea
549 3353 604 3428 ab,
633 3354 663 3410 et
690 3352 869 3428 quadratum
891 3353 1065 3412 adiunctum
1088 3355 1132 3415 sit

78 3494 156 3624 x
190 3544 232 3595 15.
250 3537 317 3612 erit]
336 3536 400 3593 sint.
420 3569 453 3578 -
475 3543 516 3592 18.
535 3539 578 3594 dc
596 3541 646 3593 est.
