2408 3848
438 147 488 200 AD
509 146 694 202 EUOLIDEM
711 147 778 201 LlB.
793 147 826 202 X.
1060 148 1124 212 227

112 333 165 373 rus
189 333 249 371 non
268 313 308 373 sit
327 315 499 390 quadratus,
524 317 575 392 qui
601 319 645 375 est
664 335 713 391 op,
738 318 768 374 et
787 316 826 374 sit
845 317 884 374 de
907 317 1124 376 communicans

114 404 205 462 alicui
232 404 309 461 lineo
338 404 406 462 date
433 405 575 464 rationali
603 405 634 462 in
657 405 856 482 longitudine,
887 408 917 463 et
939 423 1061 480 ponam,
1089 409 1125 464 ut

112 493 267 568 proportio
291 493 432 567 quadrati
451 495 490 552 de
512 493 551 550 ad
574 493 790 568 quadratumh
814 495 853 552 sit
877 495 953 552 siout
971 495 1123 570 proportio

112 582 230 639 numeri
254 583 294 639 ab
318 582 356 639 ad
379 601 536 640 numerum
559 601 608 656 op.
645 578 707 660 <ut
725 578 817 659 quia>
835 583 989 658 proportio
1008 584 1124 642 numeri

112 671 153 729 ab
182 669 220 727 ad
243 690 399 728 numerum
422 689 464 744 ap
490 671 525 728 fit
547 671 625 730 siout
647 672 799 747 proportio
829 671 969 747 quadrati
992 672 1065 731 faeti
1089 692 1124 730 ex
1149 685 1162 725 5

227 841 243 893 b
378 841 530 909 quadratas
663 858 681 947 p
716 857 774 894 ooo
787 842 940 910 quadratos
985 859 1003 894 a

966 914 994 948 -Ι

108 1469 187 1526 linea
210 1470 250 1527 rte
273 1469 311 1526 ad
334 1469 515 1544 quadratum
539 1488 573 1527 ex
595 1469 675 1526 linea
697 1469 716 1527 h
738 1469 866 1543 foetum,
889 1469 1042 1544 proportio
1066 1491 1118 1528 nu·

108 1559 182 1615 meri
201 1559 242 1616 ab
265 1558 304 1616 ad
322 1578 476 1616 numerum
492 1559 534 1632 pb
558 1560 603 1616 est
620 1558 697 1616 sieut
715 1557 868 1633 proportio
888 1556 1029 1632 quadrati
1046 1559 1120 1617 facti

64 1675 67 1680 ·
108 1667 143 1704 ex
166 1648 248 1705 linea
272 1648 312 1706 de
336 1648 373 1705 ad
396 1647 577 1722 quadratum
599 1647 677 1704 linee
699 1664 723 1706 a.
764 1646 853 1723 Ergo,
877 1648 948 1721 quia
966 1649 1118 1722 proportio

108 1755 150 1810 ap
172 1737 268 1812 prime
292 1736 330 1794 ad
353 1739 395 1795 ab
420 1737 578 1796 secundam
601 1739 646 1794 est
669 1736 746 1793 siout
768 1735 921 1810 proportio
946 1737 1085 1810 quadrati
1102 1738 1121 1794 t

104 1828 189 1883 tercii
213 1825 251 1883 ad
276 1825 456 1900 quadratum
481 1827 521 1884 de
545 1827 697 1900 quartum,
721 1827 751 1882 et
772 1825 926 1899 proportio
948 1827 990 1898 pb
1015 1826 1118 1900 quinte
1133 1840 1159 1878 ro

108 1915 146 1971 ad
169 1916 210 1972 ob
238 1914 398 1972 seeundum
426 1916 471 1972 est
498 1915 575 1972 sieut
599 1913 752 1989 proportio
776 1913 915 1988 quadrati
937 1931 953 1973 r
980 1915 1056 1972 sexti
1079 1915 1118 1972 ad

109 2002 287 2076 quadratum
309 2003 349 2061 de
376 2006 530 2078 quartum,
562 2004 619 2060 erit
645 2003 799 2077 proportio
826 2003 920 2077 prime
949 2005 979 2061 et
1004 2003 1117 2078 quinte,

107 2109 175 2148 oum
199 2090 438 2167 coniunguntur,
461 2111 520 2166 que
543 2094 614 2148 sunt
636 2109 678 2164 op
702 2093 732 2148 et
752 2092 807 2164 pb,
833 2091 871 2148 ad
894 2092 935 2150 ab
958 2091 1118 2150 secundam

108 2179 185 2236 siout
202 2178 355 2253 proportio
374 2179 460 2237 tercii
479 2183 509 2237 et
526 2179 610 2253 sexti,
633 2198 701 2237 oum
720 2179 950 2254 coniunguntur,
972 2200 1029 2255 que
1049 2184 1118 2238 sunt

107 2268 165 2326 duo
190 2267 338 2342 quadrata
359 2269 378 2325 t
401 2270 431 2326 et
452 2285 481 2341 a,
514 2268 553 2325 ad
576 2269 729 2342 quartum,
762 2267 841 2342 quod
869 2270 914 2325 est
936 2269 1117 2343 quadratum
1131 2281 1157 2322 15

107 2358 154 2430 cle,
174 2356 336 2414 seeundum
352 2356 437 2431 illud,
456 2355 537 2432 quod
556 2359 707 2414 ostensum
721 2357 766 2413 est
785 2375 819 2412 ex
833 2355 1008 2430 probatione
1022 2357 1116 2434 figure

105 2445 245 2504 vicesimo
273 2447 379 2520 quarte
406 2445 501 2520 partis
530 2444 640 2520 quinte.
692 2442 750 2502 Sed
774 2443 941 2503 coniunctio
967 2445 1061 2519 prime
1086 2450 1116 2504 et

105 2535 221 2610 quinte,
245 2553 302 2610 que
325 2537 395 2592 sunt
418 2552 460 2608 op
483 2536 513 2591 et
532 2535 589 2606 pb,
620 2535 665 2590 est
688 2532 801 2607 equalis
825 2532 1046 2608 secundasque
1070 2538 1116 2592 est

105 2642 244 2681 numerus
276 2622 389 2698 primus
417 2625 471 2682 ab:
504 2621 640 2681 similiter
670 2641 739 2698 ergo
770 2620 939 2679 coniunctio
971 2622 1057 2681 tercii
1085 2624 1115 2680 et

105 2713 190 2787 serti,
213 2731 270 2788 que
293 2714 363 2770 sunt
386 2711 534 2787 quadrata
552 2712 571 2768 h
594 2713 624 2768 et
641 2728 667 2783 a,
690 2712 735 2768 est
754 2709 868 2786 equalis
892 2713 1009 2785 quarto,
1033 2712 1154 2786 quodne

105 2805 150 2859 est
178 2801 358 2876 quadratum
381 2801 427 2859 de.
483 2798 542 2857 Sed
568 2799 721 2875 proportio
749 2798 888 2876 quadrati
911 2800 951 2857 de
978 2800 1015 2857 ad
1041 2819 1113 2876 qua·

104 2889 255 2948 dratumlr
274 2892 319 2948 est
337 2889 414 2947 siout
431 2887 585 2964 proportio
604 2888 720 2946 numeri
735 2889 776 2947 ab
794 2887 833 2946 ad
850 2907 1005 2946 numerum
1021 2883 1113 2966 <oq>‚

104 2982 134 3037 et
156 2997 296 3037 numerus
316 2997 358 3052 op
381 2981 426 3036 est
448 2996 508 3036 non
531 2977 707 3053 quadratus:
731 2996 800 3054 ergo
819 2996 878 3035 non
897 2980 943 3036 est
959 2978 1112 3053 proportio

105 3068 244 3142 quadrati
275 3067 350 3126 faeti
380 3087 415 3125 ex
437 3068 477 3126 de
508 3067 547 3124 ad
574 3066 754 3142 quadratum
779 3067 893 3125 fautum
925 3085 960 3124 ex
985 3068 1003 3124 h
1036 3067 1112 3125 siout

103 3157 256 3232 proportio
279 3155 395 3214 numeri
413 3155 554 3231 quadrati
576 3156 787 3213 adnumerum
806 3155 993 3230 quadratum.
1031 3155 1150 3232 Ergone

103 3247 142 3303 de
169 3264 229 3304 non
253 3248 297 3303 est
320 3244 417 3320 portio
446 3245 663 3304 communicans
685 3246 704 3302 h
731 3245 762 3302 in
784 3244 984 3321 longitudine,
1015 3264 1110 3320 neque

103 3334 301 3393 communicat
324 3333 352 3391 ei
374 3333 431 3392 nisi
454 3334 486 3391 in
508 3333 644 3410 potentia
666 3336 791 3392 tantum.
830 3333 887 3392 Sed
905 3333 985 3392 linea
1003 3335 1042 3393 de
1065 3337 1110 3392 est

174 3526 214 3574 16.
235 3519 308 3574 siout
326 3523 369 3574 est
387 3520 466 3576 illud.
486 3553 521 3562 -
540 3527 582 3578 26.
601 3519 754 3590 proportio.

919 3604 976 3656 lb*
