2408 3848
110 155 176 220 312
257 213 261 220 ,
398 154 564 208 ANARITII
581 152 836 210 COMMENTARII

111 323 226 400 equalis
246 322 392 398 quadrato
410 322 578 382 medietatis
596 323 673 380 linee
691 321 844 395 brevioris,
862 321 1133 398 secundumquod

112 411 294 471 ostendimus
320 411 352 469 in
376 411 541 486 elementis,
569 412 601 468 in
624 411 755 487 capitulo
779 410 892 470 scilicet
915 409 1077 470 divisionis
1102 414 1133 470 et

107 501 144 566 ,in
167 499 242 560 aliis.
290 499 399 559 Postea
420 499 627 575 multiplicabo
649 518 888 576 unamquamque
912 499 1044 557 duarum
1068 519 1132 559 sec-

109 591 227 649 tionum
249 589 281 647 in
303 588 413 646 lineam
435 588 608 666 longiorem,
632 592 662 647 et
684 589 756 664 eius,
780 589 858 664 quod
881 608 917 646 ex
938 588 1130 664 multiplica·

75 691 98 730 ¹⁵
111 679 194 737 tione
225 677 376 754 provenit,
408 694 557 736 assumam
583 677 725 753 radicem,
756 697 812 753 que
842 677 899 735 erit
926 677 1017 751 illud,
1048 678 1132 753 quod

113 767 303 844 quesivimus.
344 766 385 825 nt
407 765 614 840 demonstrabo
636 766 713 824 illud
731 765 763 824 in
780 765 878 841 prima
895 765 994 842 figura
1013 785 1131 842 eanum,

112 859 144 914 et
167 855 294 916 sufficiet
315 855 347 912 in
369 853 491 930 reliquis
514 855 628 914 duabus
650 855 753 932 figuris
774 854 933 914 secundum
952 855 1020 928 hoc,
1047 857 1131 930 quod

112 945 144 1003 in
167 945 223 1003 hac
244 944 341 1020 figura
364 944 421 1002 erit
435 947 594 1004 ostensum
617 963 652 1002 ex
674 943 785 1021 regulis
809 942 1005 1002 arithmetice.

113 1039 115 1042 ’
202 1033 419 1092 Vicesimum
442 1033 613 1109 quintum.

74 1135 100 1174 ro
205 1121 292 1180 Volo
314 1121 477 1180 invenire
500 1121 587 1180 duas
609 1121 726 1180 lineas
748 1120 784 1178 in
802 1120 969 1196 potentia
989 1121 1130 1180 incom-

112 1210 351 1285 municautes,
392 1209 620 1268 continentes
657 1209 822 1284 mediale,
864 1227 1015 1285 quarum
1060 1211 1129 1271 duo

112 1297 292 1374 quadrata
315 1299 508 1358 coniuncta
531 1301 615 1357 sunt
637 1298 826 1357 rationale.

202 1386 332 1465 Signabo
359 1387 453 1464 igitur
479 1386 554 1446 duas
581 1387 675 1446 lineas
698 1388 739 1446 ab
763 1390 793 1445 et
816 1387 867 1463 by,
890 1380 1024 1464 (que)
1016 1407 1051 1444 1n
1076 1347 1130 1464 po·

112 1475 209 1535 tentia
230 1479 349 1535 tantum
372 1476 432 1536 sint
454 1476 616 1535 rationales
639 1479 669 1535 et
692 1476 956 1551 communicantes
983 1494 1042 1550 que
1070 1477 1133 1536 sint

72 1578 100 1619 15
112 1565 208 1643 figure
241 1565 365 1641 septime
397 1564 508 1624 decime
539 1565 630 1624 huius
661 1565 764 1641 pertis.
815 1563 919 1639 Sitque
946 1565 989 1623 ab
1018 1567 1132 1640 potens

112 1673 203 1730 supra
231 1656 270 1728 by
297 1653 458 1713 secundum
485 1656 678 1729 augmentum
705 1653 845 1728 quadrati
866 1652 958 1726 lines,
987 1655 1037 1712 cui
1061 1655 1134 1731 ipsa

111 1743 344 1802 incommunicat
368 1741 401 1799 in
427 1741 626 1817 longitudine,
654 1744 685 1799 et
707 1742 747 1800 sit
770 1744 899 1817 quatuor
922 1761 957 1799 cx
979 1745 1134 1819 numeris3

132 2499 133 2502 Ἴ
190 2339 553 2474 ’,φρ-Λή
260 2432 360 2480 radus
544 2438 711 2495 zmqaemdaz
793 2440 943 2502 zaram

114 2612 145 2678 et
173 2611 212 2683 by
240 2610 280 2669 sit
306 2611 391 2669 radix
418 2614 493 2670 octo.
539 2611 712 2669 Describam
735 2613 834 2669 autem
858 2629 947 2686 supra
970 2612 1012 2669 ab
1039 2616 1134 2673 semi-

114 2698 259 2767 circulum
278 2701 356 2775 odb,
375 2701 407 2756 et
424 2699 555 2758 ffividam
574 2701 614 2774 bg
631 2700 664 2758 in
682 2699 739 2759 duo
758 2700 856 2759 media
874 2718 966 2774 supra
979 2706 1134 2774 punctum

73 2799 101 2839 so
115 2805 142 2862 e,
169 2790 200 2844 et
228 2788 268 2847 sit
289 2783 474 2866 (medietas)
496 2787 580 2846 radix
607 2788 746 2862 duorum,
774 2791 805 2847 et
831 2787 993 2865 adiungam
1021 2791 1062 2848 ad
1087 2796 1135 2853 ab

115 2875 300 2951 superficiem
324 2877 459 2952 equalem
482 2877 628 2952 quadrato
653 2879 701 2952 be,
726 2896 784 2952 que
807 2877 847 2936 sit
865 2877 1044 2953 superficies,
1069 2901 1134 2956 que

114 2964 149 3022 fit
177 2983 212 3022 en
239 2983 279 3024 ae
304 2965 336 3022 in
362 2968 413 3040 ab,
442 2967 521 3041 quod
544 2969 602 3040 est,
629 2969 664 3023 ut
690 2965 822 3024 dividam
844 2969 972 3041 quatuor
994 2966 1026 3023 in
1052 2968 1134 3030 duas

115 3052 260 3112 sectiones
296 3054 411 3128 taliter,
447 3057 482 3113 ut
518 3053 558 3113 sit
592 3054 803 3130 multiplicatio
840 3055 927 3113 unius
959 3073 1064 3114 earum
1098 3059 1134 3117 in

115 3142 242 3220 alteram
270 3142 337 3201 duo.
386 3143 454 3202 Erit
481 3163 551 3221 ergo
578 3161 638 3202 una
665 3143 792 3217 duarum
820 3143 985 3203 sectionum
1012 3144 1073 3203 duo
1100 3153 1135 3207 et

73 3241 102 3282 26
115 3231 200 3289 radix
228 3230 365 3307 duorum,
394 3235 424 3290 et
451 3233 547 3290 altera
575 3232 632 3290 duo
660 3231 773 3308 absque
800 3231 898 3290 radice
929 3231 1069 3307 duorum,
1100 3241 1136 3296 et

114 3319 261 3378 minuitur
292 3339 334 3377 er¹
359 3323 400 3379 ob
431 3322 603 3396 quadratus.
653 3321 694 3378 Et
718 3321 893 3396 protraham
923 3339 940 3378 a
969 3327 1083 3396 puncto
1116 3345 1137 3386 a

186 3530 210 3578 8.
231 3522 395 3579 arismetice.
