2408 3848
113 159 180 223 250
399 158 565 213 ANARITII
583 157 840 213 COMMENTARII

203 326 352 385 Additio
375 327 494 404 figure
517 327 785 404 septuagesimo
809 319 962 403 prime1)

203 414 250 473 Sit
272 417 374 491 itaque
397 415 565 491 superficies
584 417 623 475 ele
642 417 756 492 equalis
776 416 890 475 duobus
910 416 1067 491 quadratis
1088 434 1136 491 aq

114 507 144 563 et
169 506 223 579 9b3
256 523 292 562 ex
322 523 383 580 qua
413 503 544 562 dividam
574 505 761 580 superficiem
790 523 836 580 ea,
870 506 1006 580 equalem
1034 505 1133 581 duplo

114 592 289 668 superficiei,
316 613 372 669 que
395 593 526 652 contine-

87 685 165 741 atur
201 681 237 739 ab
266 701 308 756 aq
341 683 371 740 et
391 682 446 756 qb:
482 701 527 740 re·
567 674 585 764 9,
791 659 807 764 ἢ)
1062 675 1081 710 a

113 770 246 829 manebit
268 789 338 848 ergo
357 771 526 846 superficies

113 877 156 918 ne
174 859 289 934 equalis
308 860 455 935 quadrato
475 862 525 919 ab.

114 947 155 1006 Et
187 948 257 1024 quia
288 948 456 1024 superficies
486 951 526 1008 de

114 1038 160 1096 est
194 1037 327 1096 seiuncta
360 1037 526 1113 superficiei

74 1142 100 1184 ro
154 1143 208 1201 nr,
236 1126 484 1202 quemadmodum

115 1216 265 1274 ostensum
279 1218 336 1290 est,
350 1234 420 1293 ergo
435 1216 526 1274 etiam

113 1303 282 1380 superficies
323 1306 365 1364 cle
410 1308 455 1363 est
495 1323 538 1362 se·
584 1296 1124 1350 —--—-—--—l

114 1393 216 1452 iuncta
265 1393 430 1469 superficiei
480 1411 524 1469 ea,
566 1367 579 1404 e
1110 1367 1134 1404 n

114 1481 192 1541 sieut
213 1484 405 1542 manifestum
428 1487 474 1541 est
496 1503 532 1540 ex
553 1482 651 1560 figura
673 1501 752 1542 nona
775 1482 864 1540 huius
887 1481 990 1556 partia
1038 1479 1131 1540 Simi-

74 1586 99 1627 15
113 1571 183 1630 liter
211 1591 280 1649 ergo
308 1571 342 1629 fit
365 1573 456 1630 etiam
479 1571 647 1646 superficies
671 1589 712 1630 na
735 1571 869 1629 seiuncta
892 1568 1059 1644 superficiei
1083 1589 1129 1632 ue.

114 1659 172 1719 Sed
199 1660 366 1736 superficies
394 1677 431 1720 ee
457 1662 503 1718 est
528 1658 698 1734 rationalia,
727 1677 797 1736 ergo
823 1658 991 1734 superficies
1014 1677 1057 1718 ne
1082 1664 1131 1720 est

112 1743 351 1827 <ir>rationalis3
375 1751 405 1806 et
428 1748 503 1805 illud
526 1750 579 1823 est,
603 1748 683 1822 quod
701 1747 903 1806 demonstrare
920 1746 1083 1807 voluimus.

202 1838 312 1911 Illud,
333 1837 426 1911 quod
444 1836 623 1912 sequitur,
641 1836 801 1913 figuram
819 1836 1131 1913 septuagesimam

25 1919 27 1925 ’
117 1925 283 2001 sequitur
305 1917 482 2005 sextam.²)

72 2031 100 2072 so
203 2013 435 2088 superfluum
462 2013 729 2073 coniunctionis
757 2014 906 2073 duorum
930 2013 1130 2090 quadrato·

112 2120 189 2159 rum
216 2121 259 2176 aq
286 2105 321 2160 et
345 2104 386 2176 ql)
414 2097 547 2180 <supra
576 2103 642 2162 duo
672 2103 851 2179 quadrata
880 2104 925 2162 ael
948 2106 982 2162 et
1005 2105 1046 2162 alb
1071 2109 1130 2164 est

114 2190 241 2266 equale
265 2191 453 2266 superfluo
477 2192 581 2267 dupli
600 2193 811 2267 superfioei,
830 2211 897 2268 que
916 2192 1131 2252 continetur

114 2297 132 2336 a
159 2279 266 2338 lineis
294 2298 336 2354 aq
359 2283 393 2339 et
413 2277 480 2357 qb>
503 2299 611 2357 supra
635 2280 784 2357 duplum
808 2280 1034 2356 superficiei,
1058 2301 1129 2356 que

113 2369 323 2427 continetur
350 2387 368 2427 a
396 2369 531 2428 duabus
558 2369 667 2429 lineis
695 2372 739 2429 acl
762 2373 796 2428 et
818 2372 868 2429 alb.
898 2415 1039 2430 ......
1065 2373 1129 2430 nisi

72 2457 274 2516 sesecundum
304 2459 383 2517 huno
415 2458 543 2517 modum.
595 2458 642 2517 Sit
672 2459 766 2536 igitur
797 2458 965 2517 coniunctio
996 2458 1130 2519 duorum

114 2546 327 2622 quadratorum
346 2566 388 2621 aq
406 2552 436 2605 et
452 2549 496 2621 qb
515 2547 631 2623 equalis
650 2547 816 2623 superficiei
834 2549 879 2623 fc,
900 2551 930 2606 et
944 2548 1130 2624 quadratum

185 2720 225 2769 24.
245 2717 303 2772 Hic
321 2734 423 2788 niaqna
437 2733 506 2786 pars
524 2723 615 2772 tentus
632 2718 801 2773 intercidisse
819 2719 934 2774 uidetur.

184 2894 210 2963 1)
238 2894 373 2948 Euonrnns
397 2894 433 2960 X,
454 2901 485 2948 'll
515 2893 666 2964 (Claranus
686 2895 724 2963 X,
744 2901 791 2962 683
819 2895 986 2949 Humanams
1005 2894 1043 2964 X,
1065 2900 1126 2966 73):

111 2963 144 3018 Si
162 2965 235 3019 linea
253 2967 285 3019 de
304 2966 377 3020 linea
395 2967 574 3032 abscinditur,
591 2967 746 3036 fuerintque
764 2968 840 3022 arnbe
854 2968 1042 3036 potentialiter
1060 2973 1125 3022 tan-

111 3042 169 3089 tuna
195 3036 343 3090 rationales
368 3038 606 3104 communicantes,
633 3038 740 3107 reliqua
767 3039 841 3093 linea
868 3039 920 3092 erit
947 3039 1125 3108 irrationalis

113 3107 267 3176 dieaiuque
285 3109 431 3162 residuunt.

184 3180 210 3246 2)
237 3177 372 3231 Eucnmns
396 3177 433 3246 X,
455 3184 487 3231 76
515 3177 667 3248 (Gauianus
688 3179 725 3245 X,
745 3185 792 3247 aa,
819 3180 987 3234 Humanarus
1007 3179 1044 3247 X,
1066 3183 1127 3250 78):

112 3247 144 3303 a·
164 3250 237 3302 linea
260 3267 278 3302 a
301 3250 374 3303 linea
396 3251 568 3317 detranatur,
595 3251 752 3319 fuerintque
774 3253 850 3305 arabe
869 3253 1056 3320 potentialiter
1080 3253 1127 3305 in-

112 3321 361 3375 commensurabiles
369 3321 586 3390 superficiemque
596 3323 737 3376 medialem
746 3324 918 3390 continentes,
932 3325 1127 3391 quadrataque

112 3407 205 3444 curum
228 3392 306 3446 anaba
328 3394 436 3460 pariter
459 3399 568 3460 accepta
590 3393 704 3447 nediule
726 3394 811 3462 duplo
832 3395 986 3462 sieperficiei
1008 3394 1130 3449 alterius⁴

111 3461 144 3514 in
168 3462 281 3516 alteram
308 3464 607 3530 incommensurabilia,
633 3465 740 3533 reliqna
768 3465 843 3518 linea
870 3466 921 3519 erit
948 3464 1128 3520 irrationalis

72 3531 267 3624 ‘dicamque
285 3534 383 3589 iuncta
401 3551 462 3588 curn
480 3535 594 3589 mediali
609 3535 715 3602 faciens
732 3541 818 3590 toturn
835 3536 957 3590 mutale.
