2408 3848
114 173 179 237 258
395 171 561 225 ANARITII
580 169 836 226 COMMENTARH

202 340 325 398 Numeri
357 343 456 398 autem
488 335 815 417 <in>eommunieantes
847 342 901 397 aut
932 341 1002 396 sunt
1036 339 1135 414 surdi,

116 432 169 487 aut
191 447 269 487 unus
293 447 395 486 eorum
419 431 463 486 est
485 429 592 486 surdus
617 431 646 486 et
669 429 746 485 alter
767 427 931 500 rationalis,
954 445 1023 485 eum
1042 427 1134 485 radix

114 518 196 576 surdi
220 520 264 575 est
286 517 539 575 incommunioans
561 517 656 575 radiei
678 517 841 576 rationalis.
881 516 946 574 Hoe
968 520 1015 573 est
1033 517 1134 593 igitur

114 625 229 665 summa
251 605 385 664 radioum
403 625 593 664 numerorum
610 606 803 663 rationalium
821 609 851 663 et
869 604 1028 663 surdorum
1049 624 1131 663 eom-

86 694 331 754 emunieantium
358 697 388 753 et
415 695 737 754 incommunieantium.
782 694 874 752 Linee
900 713 984 767 vero,
1012 694 1134 752 scilieet

115 783 312 860 quantitates,
348 801 408 841 non
444 787 515 842 sunt
550 784 600 842 ita.
656 783 815 841 Ostensum
850 801 979 858 namque
1017 786 1065 840 est
1098 784 1131 840 in

113 873 237 950 figura
260 873 376 948 prima
399 872 510 930 decime
532 873 640 948 partie,
669 872 762 947 quod,
785 891 853 929 eum
876 891 911 929 ex
934 871 1048 930 maiore
1075 872 1132 929 du-

115 980 201 1019 arum
237 961 420 1021 diversarum
451 962 655 1038 quantitatum
686 960 831 1018 minuitur
862 961 931 1035 plus
962 960 1132 1019 medietate

113 1050 218 1125 ipsine,
241 1053 272 1108 et
294 1070 329 1108 ex
352 1050 481 1109 secunda
503 1051 572 1125 plus
595 1049 754 1108 medietate
776 1049 880 1124 ipsiuS,
904 1052 934 1107 et
955 1049 999 1107 ita
1018 1049 1063 1108 sio
1083 1069 1132 1108 as-

72 1138 211 1214 residue,
242 1139 437 1214 impossibile,
468 1140 541 1215 quin
568 1141 721 1196 remaneat
748 1139 902 1213 quantitas
928 1138 1026 1196 minor
1055 1139 1134 1197 data

114 1227 290 1303 quantitate.
337 1228 406 1287 Non
434 1247 504 1306 ergo
527 1227 663 1303 pervenit
685 1227 791 1286 divisio
814 1227 853 1284 ad
876 1227 1008 1302 aliquam
1031 1247 1132 1302 quan-

112 1317 232 1375 titatem
258 1316 375 1392 soitam,
404 1320 434 1375 et
461 1336 550 1392 supra
579 1335 676 1392 quam¹
695 1319 766 1390 stet,
794 1335 853 1391 que
879 1316 933 1373 fiat
960 1317 1133 1392 quantitaS,

112 1425 166 1482 per
192 1424 283 1481 quam
309 1405 516 1464 discernantur
538 1406 788 1464 eommunioantes
812 1404 849 1463 ab
872 1395 1130 1464 incommuniean-

112 1495 205 1570 tibus,
238 1495 379 1570 quoniam
410 1495 442 1552 in
473 1495 618 1554 divisione
651 1494 854 1569 quantitatum
885 1512 945 1551 non
971 1494 1133 1553 invenitur

72 1602 99 1642 15
112 1585 210 1643 minor
240 1584 361 1641 minore.
413 1583 487 1641 Cum
520 1603 590 1661 ergo
621 1585 677 1641 hoe
708 1583 753 1640 ita
785 1583 836 1657 sit,
869 1602 928 1642 non
957 1583 1135 1657 reperiatur

113 1672 265 1749 quantitas
298 1673 521 1747 comprehensa,
559 1692 615 1746 que
647 1672 687 1730 sit
718 1690 786 1746 pars
819 1671 944 1729 duarum
975 1672 1130 1731 linearum

112 1779 269 1820 numerans
289 1779 346 1818 eae.
383 1761 448 1818 Iam
467 1780 537 1836 ergo
556 1763 706 1819 ostensum
725 1763 778 1834 est,
801 1760 881 1836 quod
899 1780 1048 1834 numerus,
1074 1764 1130 1837 qui

112 1845 201 1928 <est>
228 1849 373 1922 binarius,
401 1851 431 1906 et
458 1849 510 1923 qui
537 1851 582 1906 est
606 1849 702 1906 maior
725 1868 771 1923 eo,
800 1853 845 1908 est
868 1849 1020 1924 quantitas
1045 1869 1131 1910 eom-

112 1937 301 2011 munieantis,
325 1940 355 1994 et
378 1937 458 2010 quod
480 1937 581 1996 unitas
603 1939 647 1995 est
666 1938 819 2012 quantitas
837 1938 1131 1999 incommunieantis.

72 2048 99 2087 ae
113 2027 219 2101 Itaque
246 2025 301 2082 hoe
328 2025 360 2081 in
382 2026 510 2084 numeris
533 2026 695 2101 reperitur,
721 2027 753 2084 in
777 2027 996 2103 quantitatibus
1021 2032 1129 2087 autem

114 2134 173 2174 non
192 2113 342 2172 invenitur
360 2113 422 2172 eius
442 2115 545 2172 simile.
584 2115 657 2174 Cum
676 2116 754 2174 enim
773 2117 974 2191 quantitatem
991 2117 1129 2191 positam

112 2202 307 2277 diviserimus
325 2203 507 2262 inveniemus
527 2223 642 2280 semper
660 2205 861 2280 quantitatem
878 2205 1022 2263 minorem
1042 2209 1128 2266 omni

113 2291 283 2368 quantitate
314 2293 420 2366 posita.
472 2292 637 2368 Postquam
670 2313 739 2370 ergo
771 2295 832 2352 iam
864 2294 1051 2369 pervenimus
1086 2297 1129 2354 ad

112 2382 180 2454 hoo,
208 2380 294 2456 quasi
322 2380 360 2438 ad
387 2382 546 2440 essentiam
573 2383 792 2457 quantitatum,
820 2386 850 2441 et
876 2383 1023 2442 voluimus
1048 2385 1128 2444 seire

72 2492 99 2533 ιε
112 2469 232 2528 modum
272 2469 430 2544 posicionis
468 2471 506 2528 ad
540 2471 748 2530 inveniendam
784 2472 984 2547 quantitatem
1021 2492 1128 2534 omnes

114 2557 298 2635 quantitates
321 2562 534 2634 numerantem,
557 2561 630 2618 tune
653 2559 842 2619 ostendamus
865 2561 940 2618 illud
958 2563 1128 2621 seeundum

112 2649 190 2706 hune
217 2665 394 2722 sermonem,
427 2650 457 2706 et
483 2648 648 2706 tribuamus
675 2668 782 2706 nomen
809 2669 999 2708 numerorum
1026 2670 1125 2725 quan-

110 2736 263 2810 titatibus,
295 2694 476 2836 quatinus
468 2757 499 2794 m
532 2756 566 2796 eo
598 2737 732 2813 prebitur
763 2738 847 2797 nobis
880 2739 1007 2814 aliquid,
1041 2742 1128 2815 quod

112 2825 193 2884 voles
217 2825 299 2899 seire,
322 2825 347 2883 si
370 2826 440 2883 deus
463 2826 599 2884 voluerit.

71 2936 99 2977 no
201 2913 348 2972 Ponam
340 2915 443 2989 1taque
470 2915 615 2973 lineam
606 2936 638 2973 ιιι
664 2915 761 2991 figura
788 2915 885 2991 finita,
914 2935 1004 2992 supra
1030 2937 1125 2992 quam

104 3002 219 3077 stuta,
241 3002 290 3077 t,'
281 3023 313 3059 m
331 3022 393 3076 qua
410 3003 519 3062 notabo
538 3007 690 3079 punetum,
714 3023 832 3106 quoquo
851 3005 938 3064 modo
957 3007 1126 3084 contingat,

113 3091 209 3167 sitque
231 3094 375 3166 punctum
398 3094 423 3166 b,
447 3095 477 3150 et
495 3093 626 3152 dividam
643 3094 830 3152 lineambt'
794 3098 853 3151 tm
871 3098 971 3170 partes
991 3097 1127 3173 equales,

113 3180 231 3255 sintque
254 3183 323 3238 note
345 3182 476 3255 partium
496 3201 529 3256 p,
556 3184 588 3256 d,
617 3201 644 3256 e,
671 3201 702 3256 e,
726 3200 755 3256 a,
777 3183 804 3239 b.
851 3183 965 3242 Deinde
989 3187 1124 3244 statuam

112 3287 202 3345 supra
224 3271 265 3328 ab
288 3269 472 3344 superficiem
495 3271 703 3348 orthogonam,
731 3289 820 3347 supra
844 3291 933 3348 quam
957 3273 1016 3331 sint
1040 3275 1070 3347 b,
1101 3294 1126 3351 e,

184 3478 225 3527 17.
246 3490 282 3527 an
299 3490 497 3528 numerus-
521 3481 561 3530 19.
582 3476 677 3544 etqui
696 3493 830 3531 unus.-
855 3483 896 3531 24.
917 3475 1010 3548 quasi]
1031 3495 1126 3545 quan

112 3546 233 3599 tum.—
253 3550 293 3600 28
313 3544 394 3598 nobis
413 3544 488 3613 quid.
