2408 3848
310 213 311 216 ,
414 168 462 221 AD
481 167 814 223 autumantium.
1061 170 1125 235 189

108 336 156 392 est
175 353 232 411 ρας
256 336 286 393 et
309 335 381 412 quia
404 336 669 412 proportionalitas
696 338 826 397 latorum
850 339 1058 415 quantitatum
1081 344 1127 399 est

109 423 207 483 solum
229 423 332 500 prime,
356 445 414 500 que
437 429 483 484 est
506 427 554 500 by,
578 429 608 485 et
626 426 731 502 quinte
751 430 803 503 qd,
827 431 857 486 et
875 429 974 505 tercie,
1000 449 1058 504 que
1082 433 1127 488 est

110 511 214 571 similis
238 514 379 572 adiuncta
402 514 440 572 ad
459 515 507 589 tq,
531 517 560 572 et
579 520 694 591 quarte,
719 537 777 593 que
796 517 964 576 estsimilis
984 518 1126 578 adiunota

109 602 149 660 ad
166 604 220 678 do,
245 606 275 661 et
294 603 407 679 quinte,
427 622 485 678 que
504 607 549 663 est
568 605 672 663 similis
692 607 834 665 adiuncta
853 607 891 664 ad
910 609 961 682 bo,
985 609 1015 666 et
1034 609 1126 666 etiam

567 694 661 769 prime
680 697 720 769 by
739 700 769 755 et
788 696 892 772 quinte
904 699 957 772 qd,
978 701 1007 756 et
1024 699 1125 771 tercie,
1154 708 1167 748 5

568 803 627 858 que
651 785 696 842 est
723 784 827 844 similis
850 786 992 845 adiunota
1016 788 1055 845 ad
1079 789 1126 861 tq,

569 874 707 947 etsexta,
727 893 785 949 que
800 878 845 933 est
864 875 969 934 similis
984 877 1127 936 adiunota
1185 928 1187 933 .

568 961 607 1019 ad
627 980 685 1035 qu:
709 962 843 1038 dicimus,
868 965 949 1040 quod
971 966 1126 1042 proportio

568 1050 676 1127 prime,
710 1071 768 1126 que
797 1056 842 1111 est
867 1055 921 1129 qb,
956 1055 995 1112 ad
1022 1074 1125 1113 seeun-

487 1161 493 1178 1
570 1140 646 1213 dam,
671 1160 728 1216 que
748 1143 793 1198 est
809 1143 862 1216 qd,
886 1146 931 1201 est
955 1144 1033 1202 siout
1056 1165 1125 1221 pro·
1141 1156 1166 1194 1⁰

568 1229 666 1304 portio
702 1229 806 1305 ternio,
845 1251 902 1306 que
939 1234 985 1290 est
1021 1234 1126 1292 similis
1177 1277 1180 1283 -

569 1317 709 1376 adiunota
726 1318 765 1376 ad
779 1320 827 1394 bo,
847 1320 885 1378 ad
900 1324 1047 1398 quartam,
1068 1343 1125 1399 que

568 1409 614 1464 est
641 1407 746 1465 similis
775 1408 916 1467 adiuncta
945 1410 983 1467 ad
1011 1413 1068 1485 do3
1097 1415 1127 1470 et

110 1499 203 1558 etiam
225 1499 379 1575 proportio
401 1499 496 1576 prime
514 1490 597 1574 <bq>
615 1496 654 1553 ad
669 1498 715 1570 qd
734 1496 871 1572 quintam
891 1500 936 1556 est
958 1498 1036 1557 siout
1058 1518 1126 1576 pro-

109 1589 209 1665 portio
233 1588 337 1647 similis
361 1589 499 1648 adiunote
523 1585 561 1644 ad
584 1586 635 1660 by,
660 1605 718 1660 que
742 1589 788 1644 est
808 1586 914 1662 tercia,
938 1588 977 1645 ad
1000 1588 1127 1646 similem
1141 1600 1166 1640 15

112 1678 283 1736 adiunotam
310 1678 349 1736 ad
372 1697 425 1753 oq,
459 1696 517 1754 quo
549 1677 594 1733 est
619 1679 715 1734 sexta.
768 1674 938 1734 Secundum
965 1676 997 1734 id
1024 1676 1126 1754 igitur,

111 1768 193 1842 quod
215 1767 357 1843 prooessit
378 1767 409 1824 in
428 1764 603 1843 probatione
621 1763 716 1842 figure
734 1765 872 1824 vioesime
892 1768 999 1841 quarte
1023 1765 1127 1841 quinte

111 1856 218 1931 partis,
247 1856 304 1915 erit
330 1857 483 1934 proportio
510 1854 604 1933 prime
632 1854 670 1912 ad
697 1855 858 1913 secundam
889 1850 941 1934 <et
969 1850 1127 1934 quintam>

112 1945 286 2004 ooniunotas
315 1946 392 2004 siout
419 1943 575 2022 proporoio
602 1943 694 2002 tercie
722 1945 760 2002 ad
788 1947 928 2020 quartam
956 1949 986 2003 et
1014 1947 1126 2002 sextam

111 2033 294 2092 coniunctas
327 2034 441 2093 Deinde
459 2036 578 2094 redeam
596 2033 635 2090 ad
652 2034 875 2094 conversionem
893 2037 924 2092 et
943 2034 981 2092 ad
999 2033 1127 2111 figuram
1142 2045 1168 2084 2⁰

111 2121 283 2180 vicesimam
306 2127 446 2198 quartam
468 2124 572 2200 quinte
595 2121 698 2197 partis,
722 2123 834 2181 seilicet
859 2123 939 2198 quod
962 2122 1058 2198 prima
1082 2125 1127 2180 est

112 2229 157 2285 ea,
176 2231 267 2286 quam
285 2211 421 2286 diximus,
438 2215 489 2287 qb,
509 2215 538 2270 et
556 2211 684 2268 secunda
704 2213 734 2268 et
753 2212 859 2286 quinta
878 2214 949 2270 sunt
968 2213 1010 2270 bd
1028 2213 1058 2268 et
1076 2213 1126 2285 dy,

113 2303 144 2358 et
166 2300 258 2357 tercia
282 2303 327 2358 est
349 2300 453 2359 similis
477 2301 618 2358 adiuncta
646 2298 684 2356 ad
706 2301 759 2374 by,
790 2303 820 2358 et
849 2303 957 2375 quarta
986 2302 1015 2358 et
1043 2303 1127 2358 sexta

112 2391 185 2446 sunt
212 2389 321 2446 similes
350 2389 488 2448 adiuncto
516 2390 555 2447 ad
577 2389 619 2446 bo
647 2389 677 2444 et
697 2406 754 2461 pa:
782 2389 809 2446 si
835 2389 930 2466 igitur
956 2389 1053 2464 prima
1082 2393 1127 2447 est

112 2477 229 2552 equalis
257 2478 384 2536 seounde
412 2482 442 2537 et
470 2478 587 2554 quinte,
618 2476 711 2535 teroia
744 2480 789 2535 est
797 2516 805 2535 -.
817 2478 932 2553 equalis
961 2482 1067 2553 quarte
1096 2481 1126 2536 et
1140 2487 1166 2527 2⁵

112 2569 206 2642 sexto;
230 2570 260 2625 et
282 2567 359 2625 illud
382 2570 435 2644 est,
459 2568 539 2643 quod
561 2567 763 2626 demonstrare
786 2566 945 2625 voluimus.

184 2760 225 2810 20.
245 2754 361 2808 reddam
380 2756 409 2809 et
427 2753 617 2809 conversione.
