2408 3848
167 133 211 198 26
453 133 621 188 ANARITII
638 133 896 188 COMMENTARII

167 304 325 363 diversum.
370 304 434 362 Hec
456 307 558 362 autem
580 302 639 361 due
661 303 747 377 linee,
773 321 849 378 quas
871 303 1062 378 prediximus
1085 302 1178 361 nomi-

166 396 279 451 nantur
300 393 515 468 equidistantes
537 392 569 450 in
592 392 660 451 situ.
706 391 793 460 Quod
814 392 840 450 si
864 392 931 466 quis
953 391 1073 466 dixerit,
1098 391 1179 466 quod

166 482 236 556 iste,
273 482 326 558 qui
358 481 500 540 diffinivit
529 482 624 540 lineas
656 481 871 556 equidistantes
903 481 959 540 hac
991 480 1178 554 diffinitione,

167 571 308 646 apposuit
330 571 510 646 diffinitioni,
534 569 614 645 quod
631 569 746 646 indiget
764 569 943 645 probationi,
967 569 1080 627 scilicet
1098 570 1178 644 quod

139 660 310 735 ⁵spatium,
343 660 424 736 quod
454 663 500 718 est
530 659 609 717 inter
640 659 715 716 duas
748 658 962 734 equidistantes
993 659 1101 731 lineaS,
1133 662 1179 716 est

165 749 419 824 perpendicularis
451 767 540 823 super
567 767 630 823 eas,
664 751 694 805 et
721 747 802 823 quod
827 748 987 806 Eucmons
1015 747 1179 805 declaravit

166 837 221 896 hoc
239 838 272 895 in
289 837 387 915 figura
402 838 463 895 28·
480 837 574 912 prime
593 829 735 912 partis¹):
758 836 868 910 dicam,
887 836 967 911 quod
984 855 1044 894 non
1062 836 1178 912 indiget

166 925 352 1001 diffinitione,
375 925 464 984 utin
488 945 523 984 ea
544 928 676 1001 ponatur
696 925 960 1000 perpendicularis
983 925 1034 983 sed
1058 924 1178 999 sufficit,

166 1019 200 1073 ut
227 1015 324 1074 dicam
351 1015 382 1072 in
410 1033 457 1089 ea,
486 1015 566 1090 quod
592 1013 736 1090 spatium,
764 1013 846 1089 quod
873 1016 918 1072 est
939 1013 1018 1072 inter
1041 1032 1104 1088 θθε,
1133 1018 1179 1072 θεῖ

127 1105 287 1179 aequale,
314 1123 410 1180 neque
438 1104 610 1179 appositum
636 1103 695 1161 fuit
716 1103 749 1161 in
771 1102 949 1161 diffinitione
971 1102 1030 1161 nisi
1052 1121 1106 1178 pro
1130 1123 1178 1160 ex·

165 1193 320 1268 positione.
378 1193 577 1267 Philosophus
612 1195 714 1250 tamen
749 1193 869 1250 Acarna
906 1191 1048 1250 diffinivit
1083 1192 1178 1250 lineas

167 1282 383 1357 equidistantes
411 1281 522 1340 dicens:
550 1281 659 1340 Linee
687 1281 956 1357 equidistantes
983 1283 1078 1355 sunt,
1110 1301 1178 1355 que

166 1389 243 1429 cum
266 1370 339 1429 sint
358 1370 395 1428 in
417 1389 487 1428 una
505 1369 716 1445 superficie,
740 1370 770 1428 si
788 1370 916 1445 utique
934 1370 972 1427 in
990 1368 1179 1427 infinitum

20 1519 21 1541 ,
165 1460 441 1535 protrahantur,
460 1459 532 1518 erit
550 1478 687 1535 semper
705 1458 876 1533 spatium,
896 1459 990 1533 quod
1009 1460 1063 1517 est
1082 1458 1179 1516 inter

20 1601 22 1604 Α
126 1559 152 1600 1⁵
166 1566 238 1623 eas,
261 1540 408 1626 unum.²)
448 1547 505 1616 Qui
528 1551 629 1606 tamen
652 1547 905 1622 examinaverunt,
929 1547 1009 1622 quod
1028 1548 1178 1623 equalitas

29 1642 30 1653 ¹
166 1637 265 1713 spatii,
284 1637 363 1713 quod
383 1639 428 1696 est
445 1638 524 1694 inter
542 1654 600 1710 eae,
622 1636 661 1694 sit
679 1654 778 1710 causa,
798 1655 890 1710 quare
909 1656 968 1695 non
987 1640 1178 1711 concurrunt,

165 1727 191 1785 si
218 1747 278 1786 non
300 1726 392 1784 fuerit
415 1726 447 1783 in
468 1725 596 1783 termino
620 1724 777 1799 utriusque
802 1724 945 1784 orationis
968 1722 1090 1799 „una“.
1136 1725 1178 1783 Et

164 1815 291 1874 fortasse
318 1815 386 1889 hoc,
415 1813 496 1890 quod
523 1813 695 1888 appositum
723 1816 768 1872 est
791 1813 822 1870 in
846 1813 1036 1888 diffinitione,
1065 1814 1178 1872 scilicet

165 1903 214 1978 „in
232 1921 293 1961 una
312 1900 484 1978 superficie“
499 1897 580 1979 <non
597 1904 718 1960 tanturn
737 1905 782 1960 est
798 1903 1005 1978 necessarium,
1025 1903 1177 1978 quoniam,

23 1989 32 2060 {2
124 2001 151 2042 ²⁰
165 2010 233 2050 cum
260 1991 402 2066 spatium,
432 1991 512 2067 quod
540 1994 585 2049 est
607 1991 686 2050 inter
709 2010 771 2066 aaa,
799 1991 839 2049 sit
862 1992 981 2066 equale,
1009 1994 1039 2050 et
1062 2011 1122 2050 una
1145 1992 1178 2049 in

31 2091 32 2102 ¹
165 2080 290 2138 alteram
313 2080 432 2139 omnino
455 2099 515 2140 non
537 2080 675 2155 inclinat,
702 2081 850 2156 sequitur,
875 2081 955 2156 quod
978 2080 1091 2139 sintin
1115 2099 1176 2138 una

164 2166 352 2246 superficie),
382 2189 439 2245 que
466 2172 618 2244 protracta
646 2172 691 2228 est
717 2169 880 2244 intereas,
907 2170 978 2227 licet
1001 2170 1093 2228 etiam
1115 2189 1176 2227 una

165 2257 204 2316 sit
226 2257 257 2315 in
280 2258 371 2333 plana
394 2257 547 2334 superficie
571 2259 720 2316 etaltera
742 2259 773 2316 in
797 2258 867 2316 alta.
910 2258 1048 2333 Spatium
1066 2260 1176 2333 autem,

26 2408 34 2421 ,¹
165 2347 245 2422 quod
272 2346 302 2404 in
331 2347 507 2406 diffinitione
534 2347 668 2423 ponitur,
697 2349 742 2405 est
767 2347 884 2407 brevior
905 2347 997 2422 linea,
1027 2366 1083 2422 que
1108 2366 1175 2404 con-

26 2437 28 2502 ]
123 2445 152 2486 25
164 2435 275 2512 iungit,
302 2436 381 2511 quod
404 2438 449 2494 est
471 2437 550 2494 inter
573 2435 645 2494 duas
669 2435 771 2511 lineas,
796 2436 874 2510 quod
897 2436 929 2494 in
951 2435 1176 2511 precedentibus

164 2527 209 2583 est
242 2525 362 2583 dictum.
412 2525 477 2584 Hoc
507 2544 625 2601 quoque
653 2525 797 2600 spatium,
830 2525 911 2600 quod
938 2528 983 2583 est
1010 2525 1089 2582 inter
1117 2526 1175 2584 duo

164 2614 302 2689 opposita
325 2616 449 2690 puncta,
473 2616 518 2672 est
541 2614 621 2672 linea
643 2617 737 2689 recta,
762 2633 818 2689 que
842 2614 1003 2690 coniungit,
1028 2613 1107 2688 quod
1131 2618 1175 2672 θεῖ

164 2701 242 2760 inter
270 2721 312 2761 ea.
362 2702 456 2760 Linea
484 2703 562 2761 enim
588 2706 670 2761 recta
698 2706 743 2761 θεῖ
769 2702 887 2760 brevior
914 2703 1014 2778 lineiS,
1048 2722 1176 2778 quarum

36 2855 37 2860 1
165 2792 365 2850 extremitates
393 2796 463 2850 sunt
489 2791 691 2850 extremitates
715 2791 791 2865 eius,
820 2791 932 2850 scilicet
954 2791 997 2866 id,
1028 2791 1107 2866 quod
1130 2796 1175 2849 est

29 2868 31 2901 *
123 2891 150 2932 ³0
164 2879 242 2939 inter
265 2880 324 2939 duo
347 2883 466 2955 puncta.
513 2878 651 2955 Spatium
674 2883 784 2954 autem,
810 2880 890 2955 quod
914 2884 959 2939 est
981 2880 1059 2938 inter
1082 2899 1174 2956 punc-

37 2965 38 2971 '
163 2971 227 3027 turn
259 2972 290 3028 et
320 2969 431 3028 lineam
462 2972 516 3027 aut
536 2964 539 3047 l
560 2969 639 3027 inter
665 2971 810 3044 punctum
841 2972 871 3027 et
898 2969 1096 3045 superficiem,
1130 2973 1174 3028 est

237 3143 278 3192 11.
297 3137 413 3208 Aganiz.

51 3358 54 3367 Ι
235 3301 261 3368 1)
284 3298 378 3352 Verba
400 3298 542 3351 Posmoun
566 3297 641 3367 apud
664 3298 794 3350 Paocnuu
818 3303 883 3366 176,
904 3304 936 3351 10
962 3298 997 3351 ab
1021 3299 1173 3352 Haranaoro

75 3400 79 3405 -
163 3368 281 3424 laudata
301 3369 337 3423 ad
355 3369 429 3421 hunc
448 3367 540 3422 locum
558 3386 615 3422 non
629 3368 778 3438 pertinent.
808 3369 1038 3439 Interrogationis
1055 3369 1174 3439 signum,

52 3461 67 3503 1¹,
163 3439 239 3509 quod
264 3439 347 3509 ponit
394 3441 438 3494 oet
461 3438 653 3507 „Sn1nnrcrnu“
680 3438 830 3493 delendum
853 3443 903 3496 est.
934 3473 965 3481 -
996 3445 1021 3510 2)
1049 3441 1174 3495 Proetus

56 3515 66 3524 ”
182 3516 224 3582 75,
244 3516 277 3565 11
288 3529 338 3580 sq,
357 3458 405 3566 od.
426 3509 512 3564 etiam
532 3515 592 3580 177,
612 3517 653 3564 14.
