2408 3848
110 173 175 238 340
394 173 560 228 ANARITII
579 170 835 228 COMMENTARII

106 342 291 418 quadratum
315 344 370 416 9b3
400 346 430 401 et
458 361 525 401 cum
553 341 797 416 converterimus,
825 341 884 400 erit
906 345 1076 420 proportio
1100 347 1136 405 ed

110 430 150 490 ad
172 433 211 490 dr
234 431 310 490 siout
332 431 485 508 proportio
509 431 648 506 quadrati
671 432 711 505 by
732 428 771 488 ad
788 431 981 505 quadratum
1000 437 1019 492 t.
1065 434 1135 494 Pro·

109 520 208 597 portio
240 539 311 580 vero
344 522 383 580 ed
414 520 452 578 ad
483 521 523 580 dr
554 539 613 579 non
646 522 691 578 est
717 519 795 578 sicut
821 521 986 596 proportio
1016 524 1136 583 numeri

109 609 249 685 quadrati
272 610 489 667 adnumerum
512 609 701 684 quadratum,
726 607 881 684 proportio
905 629 1038 687 quoque
1064 633 1134 689 qua·

83 698 190 756 odrati
216 700 256 772 by
284 698 322 756 ad
344 698 523 773 quadratum
545 702 557 755 t
578 717 637 756 non
661 700 706 755 est
728 696 805 756 sicut
826 699 991 774 proportio
1016 703 1135 760 numeri

110 787 248 862 quadrati
275 786 314 844 ad
341 807 496 845 numerum
523 786 715 863 quadratum:
748 805 817 864 ergo
846 787 887 860 by
914 788 1100 867 seiungitur
1125 796 1135 849 t

109 876 140 933 in
167 875 362 953 longitudine,
409 875 467 934 Sed
494 877 534 950 by
560 878 660 950 potest
687 893 778 951 supra
802 875 846 949 qh
873 895 944 934 cum
977 880 1133 954 quadrato

109 969 128 1039 t,
150 963 211 1022 iam
232 965 327 1041 igitur
349 968 394 1024 est
415 968 520 1041 potens
544 966 584 1038 by
606 981 696 1039 supra
716 964 760 1038 qb
780 982 847 1022 cum
865 970 1040 1042 augmento
1062 989 1133 1044 qua·

109 1053 201 1128 drati,
229 1053 312 1112 cuius
339 1054 427 1112 lateri
454 1056 494 1128 by
520 1053 552 1111 in
579 1052 764 1130 longitudine
791 1052 977 1131 seiungitur,
1008 1059 1042 1116 et
1068 1059 1133 1134 ipsa

70 1155 96 1195 io
109 1145 155 1200 est
177 1142 294 1219 longior
316 1144 415 1217 sectio,
439 1146 469 1201 et
487 1145 527 1216 by
545 1141 743 1201 communicat
761 1135 880 1221 (linae)
900 1161 920 1201 o
939 1143 1016 1204 date
1037 1142 1131 1207 ratio-

108 1231 171 1289 nali
192 1231 225 1288 in
246 1232 446 1309 longitudine:
474 1250 543 1309 ergo
568 1232 608 1289 bb
630 1233 675 1289 est
696 1231 860 1289 binomium
883 1235 1044 1306 quartum.
1094 1236 1132 1295 Et

109 1319 288 1396 superfluum
315 1321 394 1379 inter
421 1338 484 1396 eas,
511 1320 592 1396 quod
620 1323 664 1378 est
692 1321 711 1378 4
740 1318 851 1396 absque
878 1319 983 1381 radice
1017 1325 1057 1399 6,
1091 1330 1132 1384 est

108 1409 258 1467 residuum
290 1413 441 1486 quartum,
474 1412 505 1468 et
535 1408 612 1467 illud
640 1411 697 1483 est,
730 1408 808 1484 quod
836 1408 1051 1472 demonstrare
1082 1434 1131 1474 vo·

110 1498 227 1556 luimus.

70 1600 96 1639 1⁵
198 1587 400 1646 Binomium
423 1587 589 1663 quintum
610 1586 780 1661 reperire.

198 1676 280 1734 Duas
312 1676 414 1752 itaque
441 1675 535 1734 lineas
562 1675 724 1734 rationales
751 1677 782 1733 et
808 1675 1076 1739 communicantes
1105 1683 1134 1738 in

110 1765 296 1842 longitudine
324 1764 414 1838 dabo,
442 1784 498 1839 que
526 1763 587 1822 sint
614 1782 633 1822 a
660 1766 690 1822 et
713 1765 765 1839 by,
793 1766 824 1822 et
845 1781 957 1840 ponam
983 1768 1027 1842 by
1054 1771 1075 1828 3
1102 1790 1134 1828 ex

110 1853 252 1926 numeria,
276 1856 306 1910 et
328 1871 436 1927 ponam
459 1852 532 1911 duos
550 1870 698 1928 numeroS,
720 1870 794 1928 quos
811 1853 844 1910 in
861 1851 998 1913 binomio
1019 1862 1134 1932 quarto

556 2289 689 2344 sexdecim

331 2449 349 2539 p
435 2435 451 2482 3
532 2431 740 2536 brodium
798 2431 816 2539 i

113 2616 241 2694 signavi,
270 2617 323 2692 qui
350 2616 411 2675 sint
438 2619 491 2694 dr,
517 2637 566 2694 ac,
593 2618 690 2695 sitque
717 2615 870 2694 proportio
893 2618 933 2676 dc
956 2618 997 2676 ad
1021 2641 1132 2682 unum-

73 2719 99 2758 ao
112 2724 258 2781 quemque
287 2706 413 2764 duorum
435 2726 624 2766 numerorum
646 2709 701 2782 dr,
728 2724 764 2768 ac
786 2725 846 2765 non
868 2706 1133 2787 siout'proportio

112 2793 228 2852 numeri
254 2795 396 2870 quadrati
423 2795 461 2854 ad
483 2816 640 2855 numerum
662 2796 856 2873 quadratum3
885 2797 915 2854 et
936 2815 1069 2876 ponam,
1099 2805 1133 2860 ut

112 2883 152 2941 sit
182 2883 336 2958 proportio
368 2885 408 2943 dc
435 2885 474 2943 ad
502 2903 536 2946 ea
564 2886 639 2944 sicut
666 2884 820 2962 proportio
848 2883 985 2958 quadrati
1017 2888 1063 2947 hb
1094 2891 1133 2950 ad

111 2972 291 3047 quadratum
323 2974 374 3046 by:
406 2974 611 3050 multiplicabo
642 2973 736 3052 igitur
768 2973 930 3032 secundum
961 2973 994 3031 in
1030 2979 1066 3052 9,
1103 2984 1133 3038 et

112 3061 288 3138 provenient
312 3062 388 3135 1443
416 3063 546 3123 dividam
569 3065 669 3121 autem
690 3063 777 3120 illum
799 3081 852 3138 per
876 3079 923 3138 cr,
947 3062 1002 3138 qui
1028 3070 1077 3125 est
1103 3070 1133 3143 6,

73 3149 235 3209 ascribunt
257 3169 328 3227 crgo
352 3169 387 3209 ex
409 3152 552 3211 divisione
577 3154 632 3227 24,
655 3153 707 3227 qui
730 3153 776 3210 est
797 3145 1025 3228 (quadratum)
1050 3155 1133 3215 linee

114 3241 166 3299 bh:
190 3239 247 3298 erit
271 3257 350 3318 ergo,
373 3243 408 3299 ut
430 3241 514 3300 radix
538 3243 579 3299 24
604 3243 633 3298 et
658 3242 676 3298 3
700 3260 736 3299 ex
753 3240 882 3298 numeris
902 3240 941 3298 sit
958 3239 1134 3305 binomium

114 3329 261 3405 quintum,
285 3332 316 3387 et
333 3329 451 3406 longior
467 3333 567 3406 potest
585 3347 674 3406 supra
692 3329 857 3390 breviorem
876 3347 944 3388 cum
963 3339 1134 3409 augmento

183 3558 224 3609 25.
244 3551 328 3610 linea.
