2408 3848
115 137 179 200 174
402 137 567 190 ANARITII
586 135 842 192 COMMENTARII

112 307 145 380 b,
167 310 190 378 t,
219 310 249 363 et
276 305 336 363 sint
363 323 463 363 omnes
492 307 522 362 et
549 304 677 364 aliarum
705 305 844 363 continue
872 304 903 362 in
925 305 1129 380 proportione,
1166 327 1188 352 ⁴

114 394 227 452 sufficet
253 395 293 453 sit
318 395 472 470 proportio
501 413 520 452 a
547 395 586 452 ad
614 396 630 452 b
657 393 734 452 sicut
760 394 914 469 proportio
938 412 952 452 e
980 395 1020 452 ad
1042 413 1071 468 a,
1098 397 1129 452 et
1186 412 1188 415 ·

113 483 266 558 proportio
295 485 311 541 b
339 484 377 541 ad
397 502 417 555 9
444 483 521 542 siout
543 483 696 559 proportio
719 501 736 542 c
758 484 797 541 ad
818 484 851 558 b,
879 486 909 541 et
930 483 1087 558 proportio
1109 502 1128 556 9

115 573 154 630 ari
176 573 197 630 d
217 573 296 630 sicut
317 573 470 648 proportio
493 573 512 630 b
535 573 618 630 adt:
647 572 712 631 dico
735 572 842 650 igitur,
870 573 951 647 quod
973 573 1130 648 proportio

87 673 135 720 bo
158 662 197 719 ad
219 663 239 720 d
262 665 307 720 est
330 662 407 719 sicut
429 662 583 737 proportio
607 679 621 720 c
644 662 682 719 ad
705 665 723 719 t.
768 661 910 720 Probatio
934 660 1007 719 eius.
1051 660 1130 730 Quo·

114 750 196 808 niam
227 750 381 826 proportio
410 769 428 807 a
461 751 499 808 ad
527 752 543 809 b
572 753 617 808 cst
643 749 721 808 sicut
748 751 901 825 proportio
930 768 944 808 c
972 751 1012 808 ad
1039 769 1069 826 a,
1102 753 1133 808 et

113 1819 266 1894 proportio
291 1820 307 1875 b
331 1818 369 1874 ad
389 1836 409 1889 9
432 1820 477 1873 est
500 1816 577 1874 sicut
600 1816 752 1891 proportio
775 1834 791 1876 r
814 1816 853 1874 ad
875 1817 902 1890 b,
929 1835 998 1893 ergo
1024 1835 1136 1876 secun·

114 1908 186 1964 dum
208 1906 414 1981 probationem
435 1905 529 1982 figure
548 1905 685 1963 vicesimo
704 1905 830 1963 secunde
848 1905 937 1963 huius
955 1906 1054 1980 partis
1074 1908 1136 1966 erit

113 1995 267 2070 proportio
290 2013 310 2052 o
333 1995 371 2051 ad
392 2013 411 2067 9
433 1994 510 2052 sicut
532 1994 685 2069 proportio
709 2013 723 2052 e
746 1994 784 2052 ad
800 1995 828 2053 b.
869 1994 910 2052 Et
932 1994 1034 2069 etiam,
1058 1997 1135 2072 quia

73 2095 100 2133 1⁰
114 2084 267 2160 proportio
291 2102 310 2141 a
333 2083 371 2140 ad
391 2102 411 2156 9
434 2087 479 2141 est
501 2083 578 2141 sicut
600 2083 753 2158 proportio
777 2101 791 2141 e
814 2083 852 2141 ad
872 2084 900 2158 b,
923 2086 953 2140 et
971 2085 1135 2159 proportio

111 2192 131 2247 9
155 2173 193 2230 ad
215 2174 235 2230 ct
258 2175 303 2230 est
325 2172 403 2231 sicut
425 2172 578 2247 proportio
601 2174 620 2230 b
643 2173 720 2246 adt,
744 2191 813 2249 ergo
838 2171 999 2230 secundum
1018 2174 1132 2248 proba-

113 2263 225 2320 tionem
247 2261 341 2338 figure
365 2261 502 2320 vicesimo
526 2261 652 2319 secunde
674 2260 765 2319 huius
782 2260 878 2336 partis
897 2261 953 2318 crit
971 2263 1134 2337 proportio

114 2370 133 2409 c
156 2351 194 2409 ad
217 2352 237 2410 d
259 2351 335 2409 sicut
357 2350 509 2426 proportio
534 2369 548 2408 c
571 2351 609 2408 ad
627 2354 650 2422 ῖς
674 2353 704 2408 ct
726 2349 801 2408 illud
825 2352 878 2425 cst,
902 2350 982 2425 quod
1006 2350 1132 2411 demon—

114 2444 208 2498 strare
232 2440 388 2498 voluimuS.

73 2540 100 2580 1⁶
202 2530 336 2611 Figura
360 2529 514 2587 secunda
537 2528 661 2587 addita
684 2528 803 2604 figure
822 2527 991 2586 vicesimo
1010 2531 1132 2588 tercie

113 2618 218 2676 huius
250 2619 366 2693 partis
399 2618 558 2676 secundum
589 2617 795 2692 probationem
822 2616 998 2675 ordinatam.
1052 2616 1133 2676 Cum

113 2708 205 2766 fuerit
226 2708 378 2782 proportio
402 2726 421 2766 c
444 2707 482 2765 ad
506 2709 521 2765 b
545 2706 621 2765 sicut
644 2705 796 2782 proportio
819 2705 837 2762 b
856 2705 932 2779 adt,
955 2708 985 2763 et
1002 2724 1132 2782 propor-

114 2797 156 2855 tio
180 2799 196 2854 b
225 2797 303 2869 adp
330 2797 408 2855 sicut
433 2796 626 2871 proportior
653 2796 691 2852 cd
713 2797 744 2869 b,
772 2797 802 2852 et
826 2793 1020 2869 proportioy
1045 2797 1087 2853 ad
1111 2799 1133 2856 d

33 2896 35 2899 '
114 2886 191 2944 sicut
213 2886 366 2961 proportio
390 2904 404 2943 e
427 2885 465 2943 ad
486 2903 515 2959 c,
539 2885 617 2959 dico,
640 2885 721 2959 quod
743 2882 896 2958 proportio
920 2901 939 2941 u
963 2883 1001 2940 ad
1023 2885 1046 2942 d
1071 2885 1132 2944 erit

72 2988 99 3026 20
114 2975 192 3034 sicut
209 2975 362 3050 proportio
382 2992 396 3032 c
415 2975 453 3032 ad
471 2978 488 3031 t.
529 2973 670 3032 Probatio
691 2973 761 3030 eius,
803 2971 951 3041 Quoniam
969 2974 1130 3048 proportio

113 3085 132 3123 o
159 3064 197 3122 ad
226 3066 242 3122 b
272 3067 316 3121 est
344 3064 421 3121 sicut
447 3062 600 3139 proportio
622 3064 641 3120 b
668 3062 751 3135 adt,
779 3065 809 3119 et
831 3060 982 3136 proportio
1006 3062 1023 3120 b
1048 3063 1089 3120 ad
1110 3064 1140 3136 9’

113 3157 158 3212 est
186 3153 262 3212 sicut
288 3152 441 3227 proportio
468 3170 485 3212 c
512 3152 549 3209 ad
571 3153 603 3226 b,
632 3170 701 3228 ergo
730 3150 893 3209 secundum
917 3149 1132 3225 probationem

112 3243 207 3320 figure
234 3241 372 3299 vicesimo
400 3241 489 3298 tercie
516 3240 605 3299 huius
628 3239 723 3316 partis
747 3239 803 3298 erit
825 3238 978 3314 proportio
1003 3257 1022 3298 a
1047 3241 1088 3298 ad
1109 3259 1130 3314 9

113 3331 189 3390 sicut
218 3330 370 3406 proportio
398 3348 414 3389 c
442 3330 479 3387 ad
507 3335 524 3387 t
575 3331 616 3388 Et
644 3329 714 3405 quia
741 3327 894 3404 proportio
922 3347 941 3387 a
969 3328 1008 3386 ad
1034 3347 1055 3403 9
1084 3334 1131 3388 est

183 3526 207 3573 9.
227 3522 270 3572 est
288 3518 368 3572 sicut.

74 3614 136 3630 *-
