2408 3848
397 109 447 164 AD
465 108 651 163 EUOLIDEM
668 109 734 162 LIB.
749 109 770 164 Ι.
1068 109 1086 172 7

76 280 179 354 aliam,
203 298 261 354 que
284 281 329 338 est
351 281 419 353 post
441 279 548 354 ipsum.
593 277 656 336 Hec
679 280 780 336 autem
799 277 937 336 diffinitio
956 279 1021 337 loco
1044 279 1089 337 in-

76 368 153 427 dicis
176 368 282 443 posita,
306 367 418 426 seilicet
441 367 521 442 quod
544 386 603 426 non
621 367 696 442 ideo,
720 367 790 441 quia
808 367 939 424 medium
957 369 1090 443 cooperit

78 458 154 516 duas
185 457 397 531 extremitates,
426 459 470 515 est
497 456 576 514 linea
603 458 697 530 reeta,
714 448 776 514 sed
804 457 875 530 quia
901 456 981 514 linea
1007 460 1089 515 recta

76 549 134 621 est,
152 545 218 602 ideo
232 545 363 603 medium
381 545 512 619 cooperit
530 545 604 602 duas
623 545 832 620 extremitates,
852 545 932 619 quod
951 547 996 605 est
1013 546 1089 622 ideo,

75 633 264 711 quod'visus
287 635 396 693 transit
418 633 580 693 seeundum
602 634 818 691 rectitudinem.
1116 647 1129 686 5

168 723 240 780 Amr
261 742 331 781 vero
355 723 539 781 diffinierunt
561 740 627 780 eam
650 715 825 798 dicentcs1):
855 721 967 780 Linea
989 727 1089 782 recta

76 814 134 872 est
167 813 266 871 euius
300 811 463 887 quelibet
493 814 615 887 partes
644 811 814 886 possibile
849 815 903 870 est
935 813 1090 888 supponi

77 900 244 977 partibus
267 901 436 975 undique.
481 900 546 958 Hoc
574 903 630 975 est,
655 901 733 974 quod
760 903 861 976 partes
889 901 990 958 circuli
1019 901 1089 959 lieet
1149 948 1152 952 .

77 992 286 1065 supponentur
303 990 360 1047 alie
375 989 451 1064 aliis,
470 1009 529 1048 non
543 992 643 1046 tamen
661 1008 751 1065 super
768 992 914 1064 punctum
933 992 963 1047 et
976 989 1088 1064 ubique

75 1081 109 1136 et
132 1079 157 1138 si
180 1081 310 1153 ponatur
333 1079 462 1137 curvitas
486 1079 649 1136 extrinseca
671 1079 759 1136 unius
786 1079 881 1152 partis
909 1079 971 1137 eius
999 1097 1089 1154 super
1103 1094 1129 1133 1o

75 1168 257 1226 curvitatem
285 1167 478 1226 extrinsecam
506 1167 627 1225 alterius
654 1168 749 1241 partis
776 1167 883 1241 ipsius,
916 1168 1089 1244 contingent

75 1275 110 1315 se
133 1256 164 1313 in
187 1275 247 1316 uno
270 1259 394 1331 puncto,
422 1256 500 1314 siout
526 1255 630 1313 circuli
652 1274 683 1313 se
706 1256 879 1332 contingent
906 1258 936 1314 et
958 1275 1018 1314 non
1041 1275 1088 1316 eo·

76 1345 221 1420 operient.
259 1343 291 1402 Si
310 1347 411 1403 autem
429 1345 589 1402 intrinseca
608 1344 737 1402 curvitas
760 1344 918 1402 intrinsece
941 1346 1088 1404 curvitate

76 1433 225 1492 obviando
249 1433 433 1510 adiungatur
449 1449 518 1490 ‘non
545 1431 783 1508 superponendo,
810 1433 995 1510 contingeret
1023 1453 1089 1492 eam

75 1523 109 1580 in
133 1521 246 1581 duobus
269 1523 397 1598 punctis,
421 1525 451 1580 et
473 1540 541 1600 non,
556 1522 725 1597 cooperient
748 1540 786 1581 se.
1102 1535 1129 1575 15

166 1610 238 1668 Anu
279 1615 379 1669 autem
420 1610 603 1669 diffinierunt
648 1629 712 1668 eam
754 1610 883 1668 dicentes
891 1601 930 1690 2);
976 1609 1109 1686 Linea¹

75 1703 177 1758 recta
196 1703 262 1773 est,
282 1718 363 1783 que,
383 1718 460 1758 cum
474 1699 540 1758 due
558 1701 674 1774 ipsius
690 1699 953 1772 extremitates,
966 1699 1087 1776 figun-

74 1792 149 1864 tur,
181 1789 313 1866 figitur
343 1791 378 1846 et
409 1808 478 1848 non
509 1791 672 1847 movetur
703 1807 721 1846 a
756 1806 817 1848 sno
849 1791 961 1863 motu,
993 1789 1090 1847 sicut

74 1869 259 1958 meguar.³)
287 1876 378 1936 Linee
393 1878 470 1935 enim
485 1877 664 1952 circonflexe,
682 1877 753 1936 licet
770 1895 873 1935 aarum
887 1878 1088 1936 extremitates

75 1966 156 2026 sicut
177 1967 240 2041 poli
256 1965 397 2043 figantur,
419 1985 479 2024 non
496 1969 619 2041 propter
636 1967 691 2024 hoo
709 1969 809 2024 tamen
829 1968 992 2039 remanent,
1015 1967 1089 2041 quin
1102 1981 1129 2020 ao

75 2059 255 2114 moveantur
278 2055 313 2113 de
336 2056 400 2114 loco
425 2055 463 2112 ad
485 2055 591 2130 locum,
619 2055 697 2114 siout
718 2055 860 2114 medietas
889 2055 1003 2130 circuli,
1032 2075 1089 2130 que

75 2146 123 2202 est
145 2144 223 2202 inter
246 2144 318 2203 duos
341 2145 434 2220 polos.
470 2141 512 2200 'Si
534 2143 605 2202 licet
626 2145 832 2221 ymaginemus
850 2144 960 2202 lineam
976 2147 1090 2202 rectam

74 2231 216 2290 mobilem
239 2232 353 2291 duabus
382 2233 443 2292 suis
472 2232 708 2292 extremitatibus
735 2232 813 2307 fixis,
841 2234 1024 2291 nontamen
1053 2233 1089 2290 de

74 2322 142 2380 loco
174 2340 228 2381 suo
255 2325 431 2380 moveretur.
485 2319 614 2396 Ideoque
645 2339 710 2378 Arm
741 2320 924 2378 diffinierunt
950 2340 1016 2379 eam
1045 2322 1088 2379 di·

74 2413 190 2469 centes:
218 2409 329 2468 Linea
355 2413 455 2468 recta
483 2413 549 2485 est,
577 2429 796 2485 quecumque
823 2404 971 2485 <snper>
1000 2410 1088 2469 duas
1103 2422 1129 2463 as

74 2499 193 2573 ipsius
222 2499 470 2557 extremitates
499 2501 624 2556 rotata
651 2517 720 2556 non
746 2501 910 2557 movetur
942 2497 982 2556 do
1009 2499 1087 2557 loco

73 2605 139 2647 suo
163 2587 205 2645 ad
233 2588 344 2645 alium
370 2588 494 2646 locum.
546 2586 778 2646 Circonferentia
804 2605 874 2645 vero
902 2587 1005 2645 circuli
1033 2588 1090 2646 etsi

73 2679 231 2734 moveatur
253 2695 343 2751 super
365 2695 456 2734 unam
479 2694 601 2734 suarum
624 2677 854 2749 extremitatum,
877 2695 935 2751 que
959 2678 1004 2735 est
1022 2695 1088 2734 cen·

73 2769 170 2839 trum,
199 2785 259 2824 non
290 2768 391 2823 tamen
422 2764 590 2824 movebitur
617 2764 652 2822 de
681 2765 746 2824 loco
775 2765 813 2822 ad
839 2765 950 2837 locum3
984 2764 1036 2824 sed
1063 2767 1089 2824 si

73 2856 231 2912 moveatur
253 2873 341 2929 super
360 2853 417 2914 duo
435 2857 555 2929 puncta,
578 2853 656 2912 sicut
675 2872 764 2929 super
782 2853 855 2912 duos
873 2854 965 2928 polos,
989 2873 1087 2912 move·
1101 2867 1128 2906 co

74 2942 159 3000 bitur
181 2942 216 3000 de
239 2943 304 3001 loco
328 2962 390 3002 suo.
437 2941 562 3018 Oportet
584 2961 637 3001 nos
661 2943 764 3018 itaque
792 2943 879 3017 scire,
907 2941 988 3017 quod
1011 2942 1087 3000 diffi-

72 3031 150 3090 nitio
178 3032 254 3089 linee
281 3035 368 3108 reete,
397 3050 488 3107 quam
514 3031 674 3090 Eucnrnns
706 3031 800 3107 dedit,
831 3031 949 3089 brevior
981 3035 1026 3090 est
1058 3035 1088 3090 et

148 3189 224 3237 1-2.
242 3183 303 3237 Hoc
324 3184 419 3237 autem
433 3181 537 3235 diffinit
555 3181 617 3237 loco
636 3180 737 3236 indicis
755 3181 887 3251 positum.
907 3214 940 3222 -
960 3163 985 3236 2ss
1004 3183 1084 3254 quia]

73 3254 158 3323 quod.
179 3286 212 3294 -
233 3260 256 3309 7.
276 3253 389 3327 ouiusqq
405 3256 508 3324 partes.
528 3285 561 3293 -
582 3259 623 3307 14.
644 3253 841 3323 adiungantur.

148 3417 174 3484 1)
196 3415 320 3468 Procius
344 3419 407 3482 110,
427 3419 540 3468 20-21.
568 3445 603 3453 —
631 3417 657 3482 2)
680 3413 804 3468 Proetus
829 3418 891 3480 110,
911 3419 1024 3467 21-22.
1052 3444 1088 3454 -

74 3491 102 3557 3)
121 3487 239 3557 Meguar
256 3484 376 3540 Arabico
395 3487 438 3538 est
456 3484 523 3539 axis.
