2408 3848
400 129 452 184 AD
469 127 656 185 EUOLIDEM
673 129 739 184 LIB.
754 129 801 184 111.
1043 129 1107 194 123

88 298 191 359 maior
220 299 332 376 angulo
361 300 427 372 eqd.
479 297 537 356 Sed
568 299 647 356 latus
676 316 714 357 aa
741 300 786 357 est
813 299 918 373 equale
946 298 1036 357 lateri
1063 316 1108 374 ey,

89 383 209 466 (ergo)
234 386 394 447 seeundum
415 387 622 463 probationem
643 387 736 465 figura
761 388 794 445 5θ
816 387 911 464 partis
934 388 1028 463 prime
1052 388 1108 446 erit

91 477 222 554 angidua
247 479 307 536 aab
332 476 445 552 equalis
469 477 579 553 angulo
603 478 669 550 aab.
711 475 770 534 Sed
792 476 852 534 iam
872 477 933 534 fuit
950 477 1045 558 maior
1064 496 1107 551 eo,

92 566 177 642 quod
209 569 254 625 est
286 565 467 624 eontrarium
498 567 528 623 et
559 565 750 641 impossibile
800 564 893 624 Linea
925 584 994 642 ergo
1026 570 1108 624 recta

90 673 154 714 non
182 658 263 714 secat
288 654 544 713 eiroonferentiam
566 654 668 712 circuli
691 673 781 730 supra
804 657 889 714 notas
912 655 1012 731 plures
1036 654 1106 713 dua·
1134 666 1146 705 5

90 745 162 820 bus3
187 747 218 802 ot
239 744 317 802 illud
339 746 392 819 est,
417 743 496 818 quod
519 742 720 802 demonstrare
743 743 902 803 voluimus.

636 831 669 889 Si
691 832 801 907 aliquis
824 832 944 907 dixerit,
966 832 1107 908 possibile

192 914 212 967 ὅ
546 923 599 995 est,
622 923 657 978 ut
680 923 814 979 centrum
833 921 937 981 circuli
958 921 998 980 sit
1017 939 1107 997 supra

146 994 194 1084 s
211 931 473 1174 x
545 1009 657 1067 lineam
689 1011 766 1085 aba,
803 1010 869 1069 dieo
901 1010 995 1088 igitur
1025 1013 1106 1086 tuno,

97 1091 130 1144 «7
484 1166 508 1200 a
546 1098 617 1173 quia
634 1098 775 1174 possibile
794 1099 834 1157 sit
851 1099 904 1174 ita,
929 1099 1008 1175 quod
1025 1095 1148 1177 <sit>10

545 1205 636 1263 supra
648 1191 751 1247 notam
760 1205 783 1246 a
807 1188 848 1245 at
858 1189 1108 1264 quiapunatuma

545 1279 590 1335 est
622 1279 755 1334 centrum
786 1277 888 1334 oirouli
920 1280 998 1352 ααα,
1037 1297 1107 1355 ergo

544 1365 624 1423 linea
656 1382 696 1424 αα
727 1368 773 1423 est
805 1366 919 1441 equalis
951 1367 1028 1425 linea
1055 1369 1106 1441 ab3

545 1456 576 1512 at
607 1454 698 1512 etiam
729 1454 808 1512 linea
837 1472 878 1514 αα
914 1458 959 1514 est
993 1456 1107 1530 equalis

544 1543 621 1602 linee
653 1545 726 1616 aoy:
759 1562 828 1619 ergo
861 1543 940 1601 linea
969 1546 1030 1618 aba
1063 1547 1107 1603 est
1122 1556 1147 1596 15

546 1632 659 1707 equalis
682 1631 759 1690 linee
777 1633 824 1706 ab,
848 1651 917 1709 ergo
941 1633 1020 1691 linea
1036 1635 1107 1707 aba,

546 1741 602 1796 quo
622 1724 667 1780 est
685 1720 789 1795 maior,
808 1722 853 1780 est
871 1721 985 1796 equalis
999 1722 1108 1780 minori

92 1811 172 1869 linea
199 1812 251 1885 ab,
280 1810 359 1886 quod
388 1814 432 1870 est
459 1810 675 1870 inconveniens.
721 1809 815 1868 Linea
843 1829 912 1887 ergo
941 1814 1022 1869 reeta
1048 1830 1107 1870 non

92 1903 176 1960 secat
208 1899 352 1958 circulum
382 1900 414 1958 in
446 1901 525 1960 uotis
557 1899 690 1974 pluribus
723 1898 852 1975 duabus3
887 1901 918 1958 et
944 1900 1022 1958 illud
1050 1904 1106 1975 est,

571 1987 651 2063 quod
674 1988 875 2046 demonstrare
898 1989 1054 2048 voluimua
1121 2002 1147 2041 2⁰

287 2068 312 2122 ὦ
653 2075 738 2134 Dixit
755 2078 874 2136 Ynnus
899 2079 990 2137 etiam
1010 2079 1042 2136 in
1060 2079 1106 2136 fi-

570 2184 658 2242 gura
695 2165 918 2225 duodecima:
963 2167 1038 2226 Dico
1075 2167 1107 2225 in

570 2254 626 2312 hae
652 2254 763 2330 figura,
791 2255 884 2331 quod,
912 2256 938 2314 si
965 2255 1107 2332 possibile

572 2346 624 2417 est,
643 2345 678 2400 ut
697 2343 754 2401 duo
774 2343 879 2402 oirouli
896 2343 928 2401 in
942 2345 1021 2404 notis
1040 2345 1106 2420 plu-

570 2431 652 2490 ribus
681 2452 740 2490 una
764 2451 794 2490 se
818 2432 1007 2510 contingant,
1035 2437 1106 2493 tuno
1121 2446 1147 2486 25

504 2494 533 2550 ‘b
571 2521 629 2580 duo
658 2521 761 2579 oiroufi
784 2540 839 2597 αα,
863 2523 905 2580 bd
932 2523 1108 2599 contingant

571 2628 602 2668 se
626 2610 805 2669 intrinsecus
823 2611 855 2668 in
873 2611 1007 2686 pluribus
1026 2613 1106 2671 notis

571 2717 662 2774 quam
683 2719 752 2758 una.
797 2699 912 2758 Ponam
934 2700 1046 2775 itaque,
1072 2703 1107 2758 ut

261 2785 290 2882 χ
571 2788 747 2864 contingant
770 2807 800 2847 se
819 2807 909 2863 supra
927 2789 1001 2848 duas
1020 2793 1107 2848 notas

281 2908 309 2962 3
352 2916 354 2919 -
481 2888 483 2892 '
571 2880 634 2936 aet
646 2896 674 2952 9,
689 2880 719 2936 et
731 2877 884 2936 inveniam
898 2881 999 2936 oentra
1014 2879 1105 2936 oirou-
1120 2893 1146 2930 ³0

569 2966 666 3024 lorum
681 2986 700 3024 α
703 2986 731 3040 α,
742 2968 792 3041 bd,
807 2966 884 3025 sieut
898 2970 1049 3027 ostensum
1062 2971 1107 3026 est

93 3052 323 3129 exprobatione
341 3053 435 3131 figure
453 3053 548 3129 prime
566 3054 655 3114 huius
673 3055 777 3130 partis,
800 3058 830 3113 et
853 3075 971 3131 ponam,
994 3059 1028 3114 ut
1047 3057 1107 3115 sint

92 3143 174 3200 intra
206 3142 349 3200 eiraulum
377 3161 426 3216 αα.
478 3140 564 3210 Quod
595 3143 621 3202 si
654 3144 719 3219 quis
750 3144 871 3219 dixerit,
902 3140 1015 3220 <unum
1044 3165 1106 3205 esse

92 3234 178 3291 extra
205 3231 347 3290 circulum
371 3226 446 3309 α9,>
473 3231 583 3290 faciam
606 3235 740 3290 centrum
763 3233 866 3292 oireuh
889 3252 931 3308 αα
953 3237 1057 3292 notam
1079 3236 1106 3308 h,

166 3441 190 3492 3.
219 3436 274 3491 fuit
301 3439 441 3503 oriendum
469 3436 565 3490 maior.
590 3468 623 3477 -
653 3442 694 3492 10.
721 3435 857 3506 possibile
883 3437 920 3491 sit
947 3437 1052 3506 itaque.
1073 3470 1106 3477 -

95 3515 137 3565 11.
156 3506 225 3576 quia
243 3507 318 3562 linea
336 3524 358 3562 a.
379 3539 412 3547 —
433 3513 546 3563 15-16.
566 3525 632 3578 ergo
732 3508 806 3562 linee
825 3510 861 3564 ab
879 3510 1011 3564 iterator.
