2408 3848
394 161 443 215 AD
462 160 647 216 EUOLIDEM
665 162 732 217 LIB.
747 163 780 217 V.
1029 162 1090 226 171

71 331 91 390 l)
115 333 198 392 siout
220 331 373 407 proportio
390 350 410 403 9
434 330 471 388 ad
490 332 518 405 d,
542 331 599 389 erit
618 331 716 390 minor
734 351 754 390 a
772 351 862 407 quam
881 333 906 390 b.
949 330 1094 390 Similiter

74 439 149 499 ergo
184 419 240 478 erit
271 421 425 496 proportio
451 439 471 493 9
498 420 536 478 ad
563 422 584 479 d
610 420 708 480 minor
734 422 925 496 proportione
954 439 973 479 a
1001 421 1040 479 ad
1067 423 1092 479 b.

167 509 303 586 Figura
331 508 500 568 adiuncta
531 509 650 586 figure
679 502 956 585 sextadecime.¹)
1010 508 1093 568 (lum

79 597 220 656 fuerint
243 600 398 673 quatuor
417 598 657 673 quantitates,
680 599 861 673 fueritque
880 598 992 674 prime
1010 618 1092 674 pro·

80 687 201 762 portio
230 687 274 744 ad
301 687 491 745 seeundum
518 687 632 745 maior
653 688 891 763 proportione
914 687 1025 746 tercie
1050 689 1093 746 ad
1119 703 1133 743 5

81 778 259 851 quartam,
293 795 388 853 ergo,
421 794 497 834 eum
528 779 767 851 permutatur,
799 777 871 835 erit
902 777 1092 853 proportio
1172 832 1175 836 ,

80 866 193 940 prime
223 865 266 923 ad
293 865 445 923 terciam
472 865 586 923 maior
612 866 848 941 proportione
874 866 1026 925 secunde
1050 865 1093 924 ad

81 957 253 1029 quartam.
300 954 437 1029 Exempli
465 972 563 1012 eausa.
610 953 677 1012 Sint
704 957 833 1030 quatuor
856 956 1040 1029 quantitates
1064 974 1092 1023 a,

81 1043 103 1118 l),
119 1062 148 1118 9,
167 1045 197 1118 d,
216 1046 247 1102 et
269 1042 308 1100 sit
330 1043 485 1118 proportio
504 1061 524 1102 a
546 1043 584 1102 ad
603 1045 620 1102 b
643 1043 739 1102 maior
756 1044 948 1119 proportione
964 1063 984 1117 9
1002 1044 1041 1102 ad
1059 1045 1092 1102 ct:

80 1131 142 1192 <lieo
156 1132 260 1210 igitur,
275 1150 342 1189 oum
354 1132 633 1208 permutaverimus,
648 1133 704 1190 erit
717 1132 870 1208 proportio
883 1151 902 1190 a
917 1133 955 1190 ad
962 1152 981 1206 9
994 1132 1091 1191 maior
1105 1149 1133 1187 1o

22 1218 64 1268 6
81 1220 272 1298 proportione
294 1216 335 1299 lb
363 1221 401 1279 ad
429 1223 456 1280 d.
506 1220 647 1280 Probatio
681 1220 756 1295 eiua,
790 1220 931 1295 quoniam
960 1240 1020 1279 non
1047 1225 1093 1280 est

79 1309 218 1386 possibile
251 1309 339 1368 aliter
367 1329 437 1369 esse.
488 1309 575 1378 Quod
602 1311 628 1368 si
654 1309 747 1367 fuerit
774 1309 927 1385 possibile,
959 1310 994 1368 fit
1021 1331 1092 1388 ergo

77 1859 231 1937 proportio
259 1879 278 1918 a
310 1859 348 1917 ad
373 1879 393 1933 9
426 1863 479 1917 aut
511 1860 624 1936 equalis
657 1859 843 1935 proportioni
872 1861 888 1918 b
921 1860 959 1918 ad
986 1862 1006 1920 ol
1038 1863 1093 1918 aut

77 1950 173 2008 minor
197 1967 239 2006 ea.
281 1947 395 2006 Ponam
418 1949 521 2024 itaque
544 1949 684 2024 primum,
707 1953 743 2007 ut
766 1949 806 2006 sit
828 1949 856 2006 ei
879 1949 1003 2024 equalis.
1046 1948 1093 2008 Sit

77 2037 178 2114 itaque
205 2037 359 2113 proportio
387 2055 407 2096 a
434 2038 472 2096 ad
496 2056 516 2111 9
544 2037 621 2096 sieut
647 2038 801 2113 proportio
830 2040 846 2096 b
874 2039 912 2096 ad
940 2040 968 2098 d.
1016 2037 1091 2096 (lum
1105 2052 1132 2092 15

77 2146 147 2204 ergo
165 2126 444 2202 permutaverimus,
463 2127 520 2184 erit
537 2127 692 2201 proportio
712 2146 731 2184 a
750 2128 788 2184 ad
806 2128 823 2185 b
842 2128 920 2186 siout
938 2128 1093 2204 proportio
1174 2121 1177 2125 ’

75 2233 94 2288 9
125 2215 164 2273 ad
196 2217 228 2290 d,
262 2214 343 2289 quod
375 2219 420 2273 est
452 2215 634 2273 eontrarium
664 2218 695 2272 et
721 2215 917 2291 impossibile,
950 2217 1094 2292 quoniam

76 2304 230 2380 proportio
255 2321 274 2361 a
297 2303 336 2361 ad
359 2306 375 2363 b
399 2307 443 2362 est
465 2304 561 2363 maior
584 2304 776 2379 proportione
797 2323 817 2377 9
838 2305 921 2363 add.
963 2306 1004 2363 Et
1027 2307 1093 2365 dioo

77 2392 181 2467 etiam,
209 2392 290 2468 quod
317 2412 376 2451 non
404 2395 449 2450 est
475 2392 630 2468 possibile,
657 2395 693 2450 ut
720 2392 760 2450 sit
786 2394 939 2469 proportio
968 2413 987 2452 a
1014 2394 1094 2468 adp

75 2482 174 2541 minor
208 2482 400 2558 proportione
434 2483 450 2540 b
487 2482 526 2540 ad
557 2483 584 2540 d.
639 2481 781 2540 Probatio
819 2482 890 2539 eius.
945 2481 1093 2551 Quoniam
1106 2497 1134 2536 ro

76 2588 200 2647 ponam,
228 2573 264 2628 ut
290 2571 444 2646 proportio
468 2590 487 2629 a
515 2570 553 2629 ad
573 2589 593 2644 9
621 2570 661 2628 sit
688 2570 766 2628 siout
788 2571 942 2646 proportio
967 2574 983 2630 b
1007 2573 1046 2631 ad
1069 2591 1091 2631 e.

77 2658 152 2718 Gum
180 2679 250 2737 ergo
280 2660 562 2735 permutaverimuS,
590 2659 647 2717 erit
673 2659 828 2735 proportio
856 2678 875 2717 a
903 2660 940 2718 ad
969 2663 985 2720 b
1014 2662 1093 2720 siout

51 2810 55 2814 ,
76 2749 230 2824 proportio
247 2767 267 2823 9
286 2749 324 2807 ad
343 2767 369 2822 ες
392 2743 464 2825 <sed
482 2749 637 2824 proportio
656 2767 675 2806 a
695 2748 732 2805 ad
751 2751 767 2807 b
785 2748 881 2807 maior
899 2751 1092 2826 proportione
1147 2797 1149 2800 .

73 2856 94 2911 9
115 2837 155 2896 ad
174 2832 225 2915 ct>
249 2856 318 2914 ergo
342 2836 495 2912 proportio
511 2856 532 2910 9
555 2837 594 2894 ad
612 2855 626 2896 e
646 2837 743 2896 maior
760 2837 952 2913 proportione
968 2858 989 2912 9
1007 2839 1046 2898 ad
1064 2841 1092 2898 d.

76 2925 135 2986 Sed
161 2927 229 3000 illa,
261 2926 299 2984 ad
327 2944 415 3000 quam
444 2925 621 3000 quantitatis
648 2927 801 3001 proportio
831 2929 876 2985 est
902 2928 1010 3003 maior,
1044 2932 1089 2987 est
1104 2939 1132 2981 25

75 3016 186 3089 minor,
209 3033 279 3092 ergo
304 3015 360 3072 erit
384 3033 398 3073 e
420 3015 517 3072 minor
540 3015 572 3088 d,
595 3013 691 3072 maior
714 3015 826 3074 scilieet
848 3015 947 3074 minor
968 3017 1093 3094 minore,

148 3207 172 3255 6.
192 3201 401 3270 permutabunt.
423 3233 455 3242 -
481 3207 593 3255 22-23.
613 3200 704 3255 maior
721 3201 902 3272 proportione
920 3221 937 3274 9
956 3204 994 3258 ad
1012 3206 1038 3259 d.
1060 3237 1092 3245 -

50 3341 53 3349 Ι
75 3278 118 3327 24.
138 3272 198 3326 eius
218 3272 298 3327 add.

148 3468 173 3536 1)
192 3466 328 3521 Enormne
343 3468 377 3537 V,
393 3474 438 3523 16:
462 3468 494 3522 Si
508 3469 614 3535 suerint
627 3475 744 3537 quatuor
758 3471 924 3537 quantitates
939 3473 1081 3538 proportio

74 3539 160 3606 noles,
176 3541 352 3607 perpretattm
370 3556 473 3609 quoque
488 3540 706 3608 proportionales
724 3547 812 3595 erusat.
