2408 3848
112 157 176 222 256
398 156 564 210 ANARITII
582 154 839 210 COMMENTARII

201 324 391 400 Quacumque
414 326 550 400 preterea
567 325 674 382 harum
691 324 784 382 trium
802 323 979 382 divisionum
997 323 1030 381 in
1051 324 1132 384 duas

112 417 268 490 separatur
280 415 390 489 partes.
418 414 474 472 use
488 433 558 490 ergo
576 415 671 472 totius
685 432 800 472 summa
815 431 865 471 sex
879 412 1032 471 continens
1049 414 1131 473 divi·

112 503 216 561 siones.
234 502 336 560 Plima
350 504 540 577 autempars,
553 496 627 580 <id>
638 505 683 561 est
693 521 736 576 ea,
750 502 798 560 cui
807 501 1131 578 nominaperveniunt,

34 612 37 616 ·
112 592 143 649 in
166 595 227 649 tres
250 591 342 649 etiam
363 591 495 666 partitur
517 591 676 650 divisiones
699 591 806 665 solum,
828 593 928 666 preter
951 608 1024 666 quas
1049 591 1130 650 alias

84 674 217 757 o<esse>
240 682 317 738 esset
338 679 529 754 impossibile.
576 679 639 749 Que
662 682 744 739 sunt:
767 698 829 737 una
851 679 980 737 duarum
1003 681 1129 755 quanti-

110 771 209 828 tatum
241 768 280 827 sit
311 768 468 829 rationalis
500 772 531 828 et
562 769 657 828 altera
686 768 836 843 medialis,
868 771 921 826 aut
948 767 1009 826 sint
1036 769 1128 829 ambe

110 857 285 931 rationalem
309 859 362 916 aut
385 857 446 917 sint
464 857 550 916 ambe
568 858 717 916 mediales.
759 857 874 914 Harum
892 875 1012 932 quoque
1031 858 1129 917 trium

112 946 290 1005 divisionum
326 966 444 1022 queque
480 948 512 1005 in
548 947 622 1006 duas
654 946 746 1005 etiam
777 947 981 1021 sequestratur
1012 949 1128 1021 partes.

111 1035 179 1093 Erit
202 1054 271 1112 ergo
294 1035 388 1094 totius
411 1054 525 1094 summa
548 1055 599 1094 sex
622 1035 774 1094 continens
797 1034 964 1093 divisiones.

72 1138 98 1178 ιο
201 1121 342 1182 Omnium
373 1143 443 1184 vero
470 1143 585 1183 summa
613 1123 767 1182 duodecim
794 1123 926 1182 continet
954 1122 1127 1185 divisiones

111 1212 157 1270 He
180 1232 250 1272 vero
273 1212 428 1272 duodecim
451 1213 610 1272 divisiones
634 1231 735 1272 omnes
754 1212 872 1287 surdas,
900 1231 957 1287 que
979 1212 1011 1269 in
1029 1216 1127 1287 -parte

112 1301 226 1360 decima
248 1301 319 1360 libri
336 1303 487 1361 Eucnmm
511 1302 657 1376 dicuntur,
680 1299 938 1377 comprehendunt,
961 1302 1130 1361 secundum

112 1391 191 1466 quod
214 1410 269 1468 ego
292 1391 447 1450 ostendam
470 1393 500 1449 et
523 1391 687 1468 explanabo
711 1391 742 1450 in
764 1391 907 1464 tractatu,
930 1389 955 1448 si
979 1389 1050 1448 deus
1073 1411 1129 1452 vc-

112 1479 210 1539 luerit.

72 1582 98 1622 15
202 1568 287 1638 Quod
310 1572 410 1628 autem
432 1569 581 1644 precessit,
604 1567 809 1643 expositione
833 1567 904 1642 eius,
927 1566 1006 1642 quod
1025 1570 1129 1642 sequi-

111 1660 174 1733 tur,
197 1658 400 1716 manifestatio
424 1657 558 1731 existitit,
581 1659 764 1732 quapropter
786 1676 845 1715 non
868 1656 1027 1728 dimittam,
1051 1658 1129 1732 quin

113 1766 270 1822 exponam,
298 1746 369 1804 licet
394 1745 551 1821 prolixitas
579 1745 681 1820 aliqua
707 1744 776 1803 inde
805 1745 964 1822 contingit,
992 1745 1073 1820 quod
1099 1747 1129 1806 ei

112 1835 297 1910 promittam,
320 1829 421 1910 (que)
445 1833 500 1908 eiS,
524 1852 580 1908 que
603 1835 868 1910 postsequuntur,
891 1833 1091 1893 auxiliabunt.
1099 1828 1129 1917 1)

200 1923 275 1981 Dico
298 1922 403 1999 igitur,
426 1922 506 1998 quod
529 1922 644 1980 numeri
665 1922 698 1980 in
721 1922 796 1980 duas
818 1922 991 1982 dividuntur
1013 1926 1130 2000 partae,

73 2026 99 2066 sc
113 2011 417 2070 communicantes
441 2011 553 2069 scilicet
576 2013 606 2069 et
627 2011 981 2070 incommunicantes.

74 2161 77 2166 ,
203 2099 490 2158 Communicantium
525 2103 626 2158 autem
657 2103 688 2159 et
718 2099 1033 2160 incommunicantium
1070 2102 1128 2160 alii

113 2191 183 2247 sunt
209 2188 422 2262 rationales,
451 2189 504 2247 alii
532 2189 639 2248 surdi.
686 2189 805 2264 Surdi,
833 2189 884 2264 qui
911 2189 1041 2248 radicem
1064 2210 1128 2250 ncn

112 2276 231 2335 habent.

203 2365 514 2426 communicantes
537 2387 620 2443 vero,
644 2367 813 2444 exquibus,
837 2386 906 2426 oum
924 2367 1127 2444 superfluitas,

72 2467 99 2510 ao
114 2474 170 2531 que
189 2458 233 2514 est
251 2455 329 2514 inter
347 2473 405 2529 eos,
428 2455 558 2516 vicissim
572 2457 725 2532 minuitur,
748 2459 882 2515 remanet
899 2474 1048 2531 numerus,
1071 2459 1128 2532 qui

112 2547 250 2603 numerat
273 2564 352 2620 eum,
381 2545 433 2620 qui
454 2544 553 2620 ipsum
575 2546 719 2621 precedit,
742 2545 819 2604 sicut
842 2544 987 2604 sexdecim
1010 2547 1040 2603 et
1064 2564 1125 2605 sex.

113 2631 187 2691 Cum
211 2634 289 2691 enim
311 2652 348 2692 ex
366 2633 511 2692 sexdecim
528 2634 674 2692 minuitur
692 2633 854 2709 duodecim,
876 2636 1030 2692 remanent
1049 2653 1126 2710 qua·

111 2724 193 2795 tuor3
218 2725 345 2798 quatuor
368 2742 485 2798 quoque
508 2741 575 2781 cum
597 2722 771 2781 minuuntur
791 2742 826 2781 ex
844 2741 903 2798 sex,
925 2725 1061 2781 remanet
1079 2723 1125 2781 bi-

112 2811 226 2887 narius3
251 2812 314 2887 ipse
337 2830 407 2889 ergo
430 2830 578 2886 numerus,
602 2812 653 2888 qui
675 2814 814 2870 numerat
834 2812 928 2888 illum,
952 2812 1005 2887 qui
1023 2812 1126 2887 ipsum

72 2913 99 2954 sc
111 2901 252 2976 precedit,
277 2903 458 2977 quapropter
480 2901 543 2978 ipse
566 2904 703 2960 numerat
726 2902 799 2961 duos
822 2920 967 2961 numeros.

173 3106 207 3159 '2.
227 3106 347 3177 summa]
367 3107 466 3160 su’ma.
488 3138 524 3146 —
547 3111 572 3162 3.
590 3123 656 3175 pars
675 3107 718 3159 est
736 3122 770 3159 ea
789 3122 852 3174 qua.
873 3137 907 3147 -
933 3111 974 3159 13.
994 3105 1122 3179 sidens]

112 3175 275 3231 desiderius.
300 3208 333 3216 —
358 3183 398 3231 1⁷.
421 3178 570 3249 exponam]
589 3194 693 3247 expone
713 3177 824 3231 addam.
848 3209 884 3218 -
907 3176 1003 3246 aliqui.
1024 3207 1057 3218 —
1080 3184 1123 3234 18.

112 3246 164 3320 eis]
184 3246 252 3301 enis.
272 3279 305 3287 -
325 3253 367 3301 25.
386 3247 519 3304 minutus.
539 3280 572 3289 —
592 3254 634 3303 28.
654 3250 807 3303 remanent.

184 3463 209 3531 1)
229 3459 306 3526 Quae
325 3464 409 3517 antea
427 3461 462 3515 de
481 3461 688 3529 quantitatibus
707 3461 877 3531 generaliter
890 3461 1054 3534 declaravit,
1075 3463 1126 3520 hic

111 3529 213 3586 iterum
232 3532 267 3588 de
285 3532 408 3588 numerio
426 3531 545 3604 integris
564 3532 687 3603 exponit.
