2408 3848
401 157 450 210 AD
468 154 654 210 EUCLIDEM
672 154 738 207 LIB.
753 154 799 208 IV.
1042 152 1105 216 153

57 305 198 401 figure·
217 325 249 384 in
277 325 335 386 duo
362 325 475 401 media,
502 345 560 401 que
587 324 668 382 intra
696 321 834 382 continue
857 328 1037 397 sequuntur,
1063 317 1109 399 (et

62 414 219 494 lpum,
247 417 283 474 ut
305 415 364 491 ipsi
386 418 457 473 sunt
479 414 538 473 duo
562 412 666 490 anguli
688 413 765 487 obp,
789 403 877 492 opu),
900 430 968 469 cum
991 411 1107 469 duabus

64 483 182 562 blicis
205 505 259 578 bt,
280 505 335 579 ylo,
364 523 421 579 que
444 504 524 562 intra
547 501 674 579 figuram
697 502 825 574 studea
847 518 938 575 supra
961 503 1108 576 punctum

72 573 88 630 l
143 595 333 652 concurrant:
366 593 430 651 dico
459 611 543 669 ergo,
575 592 656 666 quod
682 592 827 664 punctum
854 591 872 647 o
900 594 945 648 est
972 592 1108 648 centrum

581 680 688 756 figure,
723 698 812 754 quam
843 681 922 737 recte
955 679 1108 738 continent
1135 690 1149 729 ⁵

580 768 667 841 lineo,
691 769 721 825 ct
746 767 849 826 circuli
870 767 1010 844 descripti
1027 768 1107 825 intra

580 856 676 931 ipsam
699 859 729 914 et
748 856 889 931 descripti
907 856 984 915 circa
1001 856 1107 932 ipsam.

581 945 722 1003 Probatio
756 946 828 1004 eius.
879 943 1025 1014 Quoniam
1055 965 1107 1003 an·
1184 998 1187 1006 .

581 1035 670 1110 gulus
690 1035 755 1108 you
784 1037 829 1092 est
856 1035 970 1109 equalis
996 1035 1107 1111 angulo

581 1124 651 1197 opt,
675 1141 744 1200 ergo
767 1123 848 1180 linea
867 1124 907 1181 bt
930 1126 974 1182 est
994 1123 1107 1198 equalis
1122 1134 1150 1173 10

581 1211 659 1269 linae
674 1212 730 1284 plu
754 1214 784 1269 et
803 1211 895 1269 etiam
913 1213 984 1287 quia
1003 1213 1044 1270 ab
1063 1215 1108 1270 est

582 1300 695 1376 equalis
722 1299 800 1358 lineo
823 1301 875 1374 by,
908 1304 938 1358 et
964 1300 1044 1358 linea
1068 1301 1109 1358 oa

584 1391 630 1447 est
653 1388 766 1463 equalis
788 1388 867 1447 lineo
887 1391 938 1464 yle,
962 1407 1031 1466 ergo
1051 1389 1108 1446 duo

502 1447 527 1496 9
580 1477 658 1536 linee
695 1479 752 1552 ab,
788 1472 829 1535 bt
873 1480 945 1535 sunt
987 1478 1108 1553 equales

581 1566 697 1624 duabus
711 1565 797 1624 lineis
812 1567 860 1642 by,
872 1568 922 1639 plu
943 1565 1001 1623 Sed
1016 1566 1108 1623 etiam
1122 1575 1151 1616 15

581 1655 709 1732 angulus
738 1656 803 1714 ubit
835 1658 880 1712 est
909 1654 1023 1730 equalis
1056 1673 1107 1712 an-

577 1745 648 1821 gulo
673 1746 751 1818 tyla,
784 1763 854 1821 ergo
882 1743 960 1802 basis
989 1745 1031 1802 ot
1063 1745 1109 1801 est

98 1834 215 1910 equalis
237 1833 302 1892 basi
326 1834 377 1892 bt:
404 1851 473 1910 orgo
495 1835 556 1891 tres
578 1833 656 1892 linae
679 1834 730 1908 aa,
753 1835 801 1908 ol,
821 1834 864 1906 pt
886 1835 957 1891 sunt
979 1832 1109 1907 equales

102 1926 131 1982 ct
162 1923 290 2000 angulus
323 1923 387 1980 bala
419 1925 464 1980 est
492 1922 607 1997 equalis
634 1923 745 2000 angulo
771 1923 844 1996 pbk.
895 1921 952 1980 Sed
980 1921 1109 1999 angulus

91 2013 162 2085 pou
199 2015 244 2070 est
279 2012 422 2070 medietas
459 2011 562 2088 anguli
594 2013 669 2085 obp:
707 2030 777 2088 ergo
810 2011 936 2088 angulus
969 2012 1034 2070 bau
1066 2014 1153 2069 estro

96 2099 243 2159 medietas
280 2100 383 2177 anguli
420 2101 494 2174 bur,
530 2100 670 2174 quoniam
702 2104 783 2160 totus
815 2101 941 2177 angulus
973 2102 1035 2159 bar
1066 2103 1111 2158 est

101 2189 215 2265 equalis
246 2189 305 2248 toti
335 2190 444 2265 angulo
473 2189 545 2262 aba.
595 2188 731 2266 Angulus
758 2191 861 2264 itaque
889 2191 951 2248 bur
976 2190 1038 2246 iam
1066 2191 1111 2246 est

99 2279 131 2336 in
158 2279 216 2336 duo
243 2277 342 2335 media
368 2278 497 2353 partitus
525 2296 591 2336 cum
618 2277 698 2336 linea
725 2279 774 2336 uh.
830 2275 997 2335 Secundum
1023 2277 1110 2334 huius

101 2386 217 2442 quoque
246 2365 431 2441 probationis
459 2367 653 2442 equalitatem
680 2365 859 2439 ostenditur,
891 2367 970 2441 quod
996 2367 1110 2440 relique

99 2456 177 2514 lineo
201 2474 219 2513 a
241 2458 351 2530 puncto
373 2457 393 2513 a
415 2456 453 2514 ad
472 2457 597 2532 angulos
614 2455 707 2532 figure
725 2457 874 2530 protracte
893 2456 963 2513 sunt
981 2456 1109 2529 equales.
1124 2464 1153 2505 ²5

102 2543 198 2620 Supra
233 2544 327 2621 igitur
361 2545 381 2601 la
412 2563 479 2603 cum
511 2545 608 2620 spatio
640 2545 726 2602 unius
758 2544 863 2602 harum
894 2544 1041 2601 linearum
1073 2544 1111 2601 ad

101 2634 226 2711 angulos
243 2635 462 2708 protracturum
481 2633 643 2692 describam
662 2633 803 2690 circulum
822 2633 1022 2690 continentem
1037 2632 1110 2710 figu-

100 2741 166 2780 ram
189 2723 326 2797 ubpder,
349 2724 379 2780 at
402 2722 466 2780 dico
490 2723 589 2797 etiam,
613 2722 692 2798 quod
714 2721 793 2779 idem
814 2723 957 2797 punctum
981 2724 1025 2780 est
1046 2741 1111 2780 cen-

101 2815 181 2870 trum
204 2809 307 2869 circuli
330 2809 471 2886 descripti
492 2811 572 2868 intra
594 2811 721 2888 figuram
743 2813 879 2885 abydos,
903 2814 933 2869 et
951 2810 1030 2885 quod
1049 2811 1111 2868 eius

102 2899 328 2959 circonferentia
354 2899 464 2958 transit
486 2919 539 2974 per
560 2902 685 2974 puncta,
713 2899 752 2957 ad
774 2919 831 2975 que
853 2899 1111 2975 perpendiculares
1126 2910 1154 2949 3⁰

510 997 527 1050 b

103 3008 121 3048 a
147 2992 258 3066 puncto
285 2990 304 3046 lt
332 2989 370 3046 ad
397 2990 493 3047 latera
520 2987 613 3065 figure
636 2991 786 3064 protracto
809 2988 994 3064 proveniunt.
1040 2988 1111 3046 Pro·

100 3079 221 3137 traham
249 3095 317 3153 ergo
340 3077 598 3154 perpendiculares
620 3079 663 3151 tt,
685 3078 734 3151 or,
757 3079 800 3150 hl,
822 3078 883 3151 tm,
905 3078 958 3151 lm,
980 3078 1025 3136 las.
1071 3078 1112 3134 Et

101 3168 173 3243 quia
195 3167 322 3245 angulus
344 3168 400 3225 loto
424 3169 469 3225 est
492 3167 605 3242 equalis
629 3167 737 3243 angulo
760 3167 830 3240 usu,
852 3168 883 3224 et
901 3167 1027 3243 angulus
1046 3167 1112 3224 aba

101 3261 147 3316 est
171 3257 284 3332 equalis
307 3256 416 3334 angulo
437 3257 511 3330 pot,
534 3274 604 3332 ergo
627 3255 720 3313 latere
744 3256 785 3314 bt
806 3254 953 3314 communi
972 3255 1029 3312 erit
1046 3274 1112 3329 per-

165 3469 189 3516 2.
200 3461 270 3530 ipsa.
281 3494 314 3501 -
325 3467 348 3516 7.
360 3461 447 3532 circa]
461 3462 548 3515 extra.
559 3492 594 3500 —
605 3465 629 3513 9.
640 3461 735 3514 estest
745 3458 860 3528 equalis.
872 3491 905 3500 -
916 3465 1013 3527 34—p.
1021 3465 1079 3528 154,
1087 3465 1111 3513 1.

98 3531 341 3605 perpendicularis
360 3530 585 3602 perpendiculari
603 3532 650 3586 dt.
