2408 3848
415 109 465 162 AD
484 109 669 164 EUCLIDEM
687 110 754 165 LlB.
769 111 789 166 Ι.
1065 110 1106 174 15

98 298 187 354 super
209 278 300 336 aliam
323 281 429 354 erecta,
452 282 487 336 ut
510 279 592 336 nulla
614 278 646 336 in
670 278 711 336 eis
734 279 774 338 sit
795 279 958 354 inclinatio,
980 280 1105 355 ideoque

96 371 194 427 rectus
226 368 360 442 vocatur,
392 369 422 425 et
453 367 561 426 meruit
593 365 805 431 diffinitionem
834 368 1015 444 equalitatis
1065 368 1106 426 nt

95 457 177 532 ideo,
206 475 272 515 cum
298 456 390 514 fuerit
416 455 495 514 linea
518 454 621 514 'erecta
648 475 737 532 super
760 457 892 532 aliquam
914 457 1024 515 lineam
1046 475 1106 515 non

95 546 254 622 inclinata,
282 564 378 620 neque
402 563 490 620 super
514 545 731 603 extremitatem
753 545 830 604 linee
854 547 975 604 alterius
999 548 1106 620 erecta,

97 635 149 694 sed
167 635 199 692 in
218 634 277 693 alio
295 635 369 708 locO,
389 637 419 692 et
436 634 616 708 proveniunt
635 654 669 692 ex
688 634 802 694 duabus
820 634 906 694 lineis
921 635 979 693 duo
994 634 1105 710 anguli,
1132 643 1145 684 5

96 727 128 782 et
153 723 265 781 fuerint
293 723 425 798 equales:
452 722 578 798 quilibet
600 741 701 781 eorum
725 723 782 781 erit
803 726 909 782 rectus.
957 722 1014 781 Sed
1037 742 1105 781 cum

95 813 177 870 linea
199 812 292 870 fuerit
313 830 402 887 super
424 811 515 869 aliam
536 812 692 887 inclinata,
717 816 747 870 et
768 813 906 887 provenit
928 833 962 870 ex
985 813 1038 870 illa
1060 811 1104 869 in-

96 901 257 960 clinatione
284 919 362 958 unus
391 899 517 959 duorum
544 901 720 977 angulorum
747 901 843 961 maior
870 905 950 960 recto
976 905 1006 960 et
1029 901 1105 959 alter

95 990 194 1048 minor
220 991 313 1064 recto,
341 991 428 1046 erunt
456 1008 525 1066 orgo
552 989 648 1048 maior
676 991 705 1047 et
732 990 829 1049 minor
857 990 1018 1049 secundum
1040 991 1103 1065 hoc,

96 1098 132 1138 ac
159 1079 185 1138 si
213 1080 309 1136 essent
337 1079 433 1156 relata
461 1078 499 1136 ad
527 1079 733 1154 equalitatem,
758 1079 882 1154 scilicet,
906 1079 987 1154 quod
1009 1079 1105 1137 maior
1119 1089 1145 1129 1⁰

94 1171 152 1226 aut
172 1167 269 1226 minor
291 1167 464 1242 equalitate.
509 1167 550 1225 Et
571 1167 638 1226 ideo
661 1171 731 1226 sunt
754 1168 856 1244 anguli
878 1169 953 1227 recti
976 1167 1105 1243 diffiniti,

98 1256 170 1332 quia
193 1257 314 1332 equales
337 1259 419 1328 sunt3
443 1255 547 1332 anguli
569 1274 639 1314 vero
664 1255 724 1330 alii,
749 1256 802 1330 qui
820 1259 889 1314 sunt
907 1257 1033 1315 maiores
1052 1259 1105 1314 aut

93 1346 224 1404 minores
246 1345 347 1419 rectis,
375 1364 435 1404 non
458 1347 528 1402 sunt
551 1343 685 1419 diffiniti,
704 1347 739 1402 et
762 1345 837 1402 illud
860 1348 905 1404 est
926 1346 1001 1421 ideo,
1026 1345 1105 1420 quod

95 1433 251 1493 inclinatio
279 1432 495 1492 diversificatur
522 1433 684 1492 secundum
708 1451 815 1509 augme
837 1435 902 1490 tum
924 1436 954 1491 et
977 1434 1104 1492 diminu-

93 1524 208 1582 tionem
226 1522 405 1598 alternatim,
428 1522 459 1580 id
478 1525 530 1596 est,
555 1525 702 1597 quantum
720 1525 848 1598 augetur
864 1522 967 1597 maior,
985 1525 1105 1580 tantum
1119 1531 1144 1572 15

92 1611 241 1670 minuitur
272 1610 376 1670 minor.
426 1611 565 1687 Angulus
595 1612 707 1687 autem,
741 1611 792 1686 qui
822 1614 867 1668 est
893 1611 989 1670 maior
1014 1614 1103 1686 recto,

93 1700 205 1758 dicitur
232 1717 389 1775 expansus,
418 1703 449 1757 et
476 1701 528 1775 qui
556 1701 600 1758 est
626 1699 736 1775 minor,
764 1699 874 1758 dicitur
901 1702 1013 1758 acutus.
1064 1699 1105 1757 Et

92 1789 166 1847 lieet
192 1789 349 1848 diversitas
376 1788 511 1864 inprimis
540 1790 684 1864 appareat
708 1788 740 1846 in
768 1789 898 1864 angulis,
927 1807 1001 1864 quos
1023 1791 1103 1847 recte

93 1877 173 1936 linee
206 1877 472 1952 comprehendunt,
501 1877 546 1935 ita
572 1881 673 1936 tamen
699 1877 731 1935 in
758 1877 880 1954 reliquis
908 1877 1026 1954 angulis
1053 1897 1103 1935 ne-

92 1966 220 2025 cessario
245 1965 391 2043 contingit
412 1966 682 2042 proportionaliter.
1116 1979 1144 2018 ao

161 2055 245 2112 Dixit
272 2055 443 2113 Docimus:
474 2055 572 2114 Linea
604 2059 696 2114 erecto
723 2055 829 2113 diutior
850 2056 1103 2128 perpendicularis

91 2161 183 2217 super
205 2145 319 2218 lineam,
343 2161 430 2217 super
452 2162 540 2217 quoru
563 2148 604 2202 est
626 2149 725 2202 crecta

164 2231 259 2307 Supra
277 2233 332 2291 hoc
351 2225 691 2302 Sunannrcmusz‘Quia
708 2251 755 2290 res
774 2250 888 2310 graves,
908 2251 966 2307 que
985 2233 1102 2291 descen-

93 2321 171 2378 dunt
198 2340 216 2379 a
244 2321 445 2396 superioribus
468 2321 507 2378 ad
528 2321 682 2396 inferiora,
705 2321 883 2379 naturaliter
904 2321 1015 2379 habent
1037 2341 1102 2396 per-

90 2409 194 2468 venire
222 2409 260 2477 ad
287 2411 421 2468 centrum
442 2410 551 2485 tocius,
574 2411 640 2469 ideo
664 2413 708 2469 est
732 2429 834 2468 earum
857 2409 1012 2468 descensus
1035 2429 1103 2468 cum
1117 2419 1143 2460 25

89 2497 257 2573 equalitate
285 2497 397 2573 absque
424 2499 629 2575 inclinatione,
657 2499 782 2574 ideoque
808 2517 911 2558 eorum
936 2501 1036 2558 motus
1059 2517 1102 2557 se-

92 2586 224 2646 cundum
258 2589 372 2645 rectum
404 2587 439 2645 fit
471 2588 621 2664 angulum.
677 2586 863 2662 Quapropter
893 2587 973 2646 linea
1005 2591 1102 2646 erecta

93 2668 206 2734 faciens
239 2675 364 2752 angulos
397 2694 486 2752 super
516 2677 638 2752 lineam,
675 2695 764 2752 super
796 2695 886 2751 quam
918 2679 963 2734 est
996 2680 1101 2751 erecta,

92 2759 269 2843 <equales>,
301 2767 427 2823 vocatur
458 2765 709 2840 perpendicularis
742 2784 831 2840 super
858 2764 980 2840 lineam,
1013 2784 1102 2841 super

92 2872 185 2929 quam
211 2853 277 2929 ipsa
305 2856 350 2911 est
373 2856 478 2929 erecta,
502 2854 573 2930 quia
597 2855 660 2912 eius
684 2854 840 2912 descensus
864 2856 921 2929 est,
946 2873 979 2912 ac
1002 2854 1027 2912 si
1050 2873 1101 2913 na·
1116 2865 1143 2905 80

89 2943 232 3001 turaliter
249 2942 287 3000 ad
306 2945 438 3001 centrum
458 2942 631 3001 descendere
649 2944 748 3003 vellet.
790 2942 901 3001 atheo
918 2942 997 3001 linea
1015 2962 1101 3002 voca-

89 3035 142 3090 tur
165 3031 430 3106 perpendicularis,
456 3051 524 3090 cum
546 3032 730 3109 imaginatur
753 3031 939 3107 descendens
963 3034 992 3090 et
1015 3051 1100 3091 voca-

89 3123 143 3179 tur
167 3123 272 3195 erecta,
296 3139 364 3178 cum
386 3120 570 3198 imaginatur
593 3139 724 3198 surgens.
1161 3185 1168 3199 ,

158 3209 242 3266 Dixit
265 3209 437 3268 Euonmas:
464 3207 601 3283 Accolae
628 3228 773 3283 expansus
797 3214 838 3269 est
860 3211 985 3284 amotus
1007 3213 1102 3270 maior

90 3302 175 3366 rect,
200 3302 226 3356 et
247 3299 373 3372 angulus
395 3303 498 3358 ocutus
521 3303 563 3357 cat
583 3301 678 3357 minor
700 3304 782 3358 recto.
1114 3308 1140 3348 3⁵

159 3386 224 3445 Hoc
250 3406 320 3447 vero
348 3381 531 3446 declaiatum
558 3390 602 3446 est
628 3387 660 3445 in
684 3388 824 3464 capitulo,
849 3387 929 3463 quod
951 3387 1100 3462 precessit.

157 3475 242 3534 Dixit
264 3475 436 3535 Eucurnas:
461 3477 615 3538 Terminus
639 3481 680 3536 est
701 3480 770 3551 (tuis
793 3479 847 3537 rei.
