2408 3848
107 169 175 233 264
396 167 561 222 ANARITII
580 165 836 227 COMMENTARH

199 335 320 395 Omnis
334 335 431 393 linea
445 335 751 395 incommunicans
765 336 873 410 liuee,
893 335 994 394 cuius
1011 356 1132 411 quan-

107 426 200 484 titas
223 423 343 484 verbis
367 425 489 498 potest
512 425 676 499 exprimi,
700 429 755 482 est
777 424 891 483 surda.

118 536 120 539 ·
200 512 424 589 superficies
448 513 557 571 surda
581 517 647 589 est,
671 532 778 589 supra
802 531 905 588 quam
927 516 1054 588 potest
1078 515 1133 588 id,

111 603 205 679 quod
229 606 283 661 est
305 601 458 660 surdum.

82 706 96 746 5
200 688 308 749 Omnes
336 691 451 748 numeri
479 690 729 749 communicantes
757 693 811 748 aut
837 690 1134 751 incommunicantes

111 781 361 853 demonstrantur,
385 779 634 855 quemadmodum
652 779 811 838 Eucnmas
836 779 964 838 ostendit
987 780 1019 837 iu
1043 781 1131 855 prin-

111 869 188 944 cipio
210 869 306 944 partis
329 868 461 943 septime.

201 957 276 1016 Cum
302 957 484 1016 voluerimus
511 955 711 1031 multiplicare
734 975 905 1031 numerum,
933 977 968 1015 ex
991 976 1052 1033 quo
1080 978 1131 1017 ex-

58 1037 60 1043 ’
112 1047 221 1122 cipitur
242 1064 394 1120 numerus,
417 1045 449 1102 in
471 1064 639 1119 numerum,
662 1064 697 1102 ex
721 1064 779 1120 quo
803 1046 949 1122 excipitur
970 1066 1135 1124 numeruS,

71 1151 99 1190 1o
112 1136 189 1195 siout
221 1136 321 1193 decem
349 1136 471 1208 excepta
497 1152 529 1190 rc
556 1133 588 1190 in
616 1090 716 1191 decom
744 1153 791 1191 ex-

113 1228 257 1300 ceptaro
225 1216 307 1304 re¹,)
339 1221 604 1297 multiplicabimus
632 1221 768 1279 decem
759 1242 791 1278 m

113 1313 221 1387 decem,
244 1315 274 1370 et
296 1311 474 1387 proveniant
492 1312 610 1368 centum
611 1312 673 1384 ‚et
691 1309 791 1368 decem

112 1421 166 1478 per
192 1419 253 1476 res,
281 1403 312 1459 et
339 1405 425 1458 erunt
452 1399 562 1476 viginti
588 1417 649 1473 res,
677 1402 707 1457 et
729 1418 792 1456 rem
847 1255 1126 1487 iifl:

114 1489 305 1566 exceptam'
298 1510 329 1547 m
365 1508 427 1546 rem
460 1491 625 1563 exceptam,
663 1489 693 1546 et
724 1506 791 1563 pro-

73 1593 99 1634 15
113 1580 213 1640 veniet
236 1596 339 1637 census
362 1595 440 1635 unus
459 1576 590 1634 additus:
614 1579 702 1635 erunt
721 1595 790 1653 ergo

114 1671 233 1728 centum
253 1669 283 1724 et
301 1685 406 1725 census
425 1665 554 1740 exceptis
568 1665 677 1741 viginti
694 1665 790 1722 rebus

115 1757 162 1815 Sit
201 1758 305 1831 itaque
342 1755 422 1811 linea
458 1755 500 1812 ub
542 1753 654 1821 decem,
701 1771 791 1828 supra

115 1865 207 1920 quam
248 1843 426 1902 constituam
467 1840 647 1916 quadratum
687 1843 790 1915 abyd.

115 1935 189 1992 Eius
216 1930 389 2007 protraham
417 1929 617 2004 dyametrum‚
645 1949 702 2005 que
725 1930 765 1989 sit
788 1932 840 2005 by,
869 1934 899 1988 et
921 1930 961 1989 sit
982 1929 1064 1987 linea
1091 1933 1133 1990 bh

74 2039 102 2078 ao
115 2021 200 2094 illud,
220 2019 299 2094 quod
317 2017 471 2093 excipitur.
508 2017 622 2076 Deinde
642 2019 793 2094 complebo
811 2019 1004 2078 lineationem
1022 2018 1132 2096 figure.

116 2109 301 2179 Quadratum
329 2101 333 2184 l
363 2125 432 2184 ergo
465 2106 542 2164 linee
575 2109 616 2166 ab
645 2111 689 2166 est
716 2108 822 2184 equale
851 2108 998 2185 quadrato
1027 2110 1071 2167 oh
1102 2114 1134 2169 et
1152 2117 1187 2166 55

117 2198 262 2275 quadrato
286 2197 326 2254 bh
354 2198 384 2253 et
406 2195 651 2272 multiplicationi
675 2198 717 2256 alr
743 2197 775 2255 in
798 2198 838 2256 ba
865 2197 979 2255 duabus
1002 2197 1132 2258 vicibus.

118 2287 175 2346 Sed
203 2285 384 2361 quadratum
412 2286 453 2344 ab
482 2287 527 2343 est
554 2285 723 2361 superficies
748 2288 803 2360 pb,
831 2290 862 2344 et
888 2285 1057 2361 superficies
1086 2290 1133 2348 ub

117 2379 163 2436 est
190 2373 370 2451 quadratum
397 2375 450 2448 bh,
479 2376 509 2432 et
536 2374 704 2450 superficies
732 2393 775 2449 op
799 2378 844 2433 est
867 2375 1049 2450 quadratum
1073 2379 1133 2452 22,

76 2478 103 2521 aa
117 2465 287 2540 dyametrus
317 2462 395 2522 enim
422 2465 504 2522 secat
531 2481 593 2537 eas3
622 2467 652 2522 et
679 2463 758 2539 quod
784 2463 819 2521 fit
842 2483 878 2522 ex
901 2465 942 2523 ab
964 2463 996 2520 in
1017 2461 1067 2522 ΜΓ
1085 2469 1136 2524 est

117 2554 201 2628 illud,
225 2552 304 2628 quod
325 2551 361 2609 fit
384 2570 418 2610 ex
441 2552 541 2610 decem
563 2552 595 2609 in
617 2572 688 2628 rem,
711 2551 791 2627 quod
814 2556 859 2611 est
882 2552 1052 2628 superficies
1077 2573 1136 2629 22,

118 2647 149 2702 et
172 2642 250 2718 quod
272 2641 308 2698 fit
330 2641 421 2698 etiam
444 2660 479 2698 ex
503 2642 544 2700 ab
566 2633 598 2698 iu
620 2660 683 2699 rem
705 2640 789 2698 illam
813 2641 913 2717 aliam,
935 2636 1137 2722 (utillud),

120 2731 200 2807 quod
222 2732 267 2790 est
290 2728 457 2805 superficies
481 2731 526 2787 ot:
554 2749 624 2806 ergo
648 2730 729 2805 quod
751 2729 785 2788 fit
809 2749 844 2788 ex
866 2730 946 2789 linea
970 2732 1010 2788 ab
1034 2731 1066 2788 in
1091 2734 1136 2791 oh

119 2820 234 2880 duabus
262 2818 375 2878 vicibus
403 2820 448 2876 est
475 2818 532 2876 due
555 2817 723 2894 superficies
747 2837 786 2878 22
808 2822 839 2877 et
862 2820 906 2894 bt,
935 2838 1004 2897 ergo
1028 2838 1136 2896 super-

77 2924 106 2964 ao
119 2909 199 2968 ficies
227 2910 268 2967 ob
297 2907 496 2965 communicat
522 2906 639 2964 duabus
666 2907 875 2982 superficiebus
904 2909 1000 2966 simul.
1050 2909 1137 2987 Ergo

120 2997 300 3074 superfluum
332 2995 472 3070 quadrati
503 2997 545 3054 ab
577 3013 665 3071 super
697 2996 878 3072 quadratum
910 2999 953 3055 22
985 3016 1053 3055 cum
1085 2999 1138 3058 illi

194 3173 235 3219 13.
259 3181 309 3234 per
326 3165 382 3236 res]
406 3163 529 3232 paribus.
549 3196 584 3204 -
602 3163 705 3234 viginti
724 3181 780 3219 sex.
804 3197 838 3206 -
863 3165 904 3221 15.
925 3164 1031 3219 censies
1050 3183 1136 3222 unus.

120 3270 155 3279 -
176 3243 217 3291 16.
237 3238 423 3290 centrum-
443 3241 485 3290 22
506 3237 534 3289 et
553 3235 725 3292 duabus-
744 3243 786 3291 24
805 3238 846 3291 ah
863 3236 952 3292 inat.

167 3399 220 3465 1)
240 3399 328 3466 (10-
293 3397 367 3465 2)
385 3397 474 3466 (10
484 3398 562 3463 a)=
578 3396 769 3466 100-1-2Ι-
784 3401 851 3451 202.
884 3397 976 3450 Debes
994 3394 1139 3482 mtelhgr

121 3485 277 3538 ,22,2223
295 3485 328 3522 ex
346 3483 398 3535 quo
416 3467 552 3534 excipitur
571 3473 640 3536 res‘ss
657 3485 725 3521 nam
742 3484 784 3522 res
803 3470 855 3536 est,
874 3467 950 3536 quod
967 3484 1018 3520 nos
1037 3485 1058 3522 2
1077 3469 1140 3525 dici

121 3511 256 3608 dolemus,
275 3554 421 3594 ceruus=
388 3535 471 3590 -2’.
