2408 3848
109 157 154 220 42
399 155 563 210 ANARITII
581 153 838 210 COMMENTARII

199 324 273 384 Dico
297 343 376 401 ergo,
400 325 480 400 quod
497 324 680 383 theorema
704 328 769 399 est,
794 325 874 401 quod
893 325 1019 383 sumitur
1039 344 1056 383 a
1076 326 1123 384 de-

110 413 323 472 monstratione
348 414 484 487 alterius,
511 413 582 471 licet
611 413 642 470 in
670 431 700 471 se
728 413 768 472 sit
797 415 920 473 scientia
944 418 998 472 aut
1020 413 1125 491 figura,

111 503 187 562 sicut
210 503 375 578 accepimus
398 502 548 579 infigura
572 502 701 560 secunda
723 503 818 561 latera
841 504 967 562 duorum
989 503 1124 579 triangu-

111 585 242 668 loruml)
285 591 365 648 Illud
397 610 466 667 ergo
500 590 582 648 aliud
614 590 702 648 facile
735 593 901 650 ostenditur
932 612 987 668 per
1018 593 1125 668 ipsum,

82 681 235 756 5ideoque
263 682 394 755 oportet,
426 683 460 737 ut
487 679 680 754 promittatur
712 683 766 738 aut
797 685 928 756 ponatur
958 684 1040 756 post,
1073 681 1126 739 sed

110 773 211 828 tamen
235 770 413 828 concedatur
436 769 664 843 inprobatione
689 769 756 828 cito.

200 857 442 917 Corollarium
465 877 535 916 voro
559 859 605 915 est
627 857 714 932 illud,
744 857 825 932 quod
852 877 920 916 cum
947 858 1125 934 probatione

111 948 187 1023 eius,
217 947 298 1022 quod
320 945 507 1022 probandum
529 947 735 1021 promittatur,
759 947 937 1005 declaratur.
988 947 1034 1005 Ex
1056 967 1125 1022 pro-

109 1036 229 1095 batione
254 1055 322 1113 ergo
346 1037 399 1093 illa
423 1035 598 1110 adipiscitur
621 1036 819 1094 corollarium.

69 1135 96 1174 10
198 1125 404 1184 Diversitas
438 1127 539 1182 autem
570 1125 833 1200 propositionis
866 1127 923 1198 est,
956 1127 993 1182 ut
1025 1125 1126 1184 forma

108 1213 282 1273 intentionis
300 1215 423 1289 ponitur
440 1231 528 1288 super
546 1214 657 1273 multos
676 1214 788 1287 modos,
807 1215 838 1271 in
858 1213 965 1288 quibus
984 1214 1126 1288 probatio

110 1303 334 1361 diversificatur.

197 1391 376 1468 Alaynedi
408 1397 453 1450 θεῖ
489 1391 585 1451 oratio
623 1391 792 1466 probationi
826 1391 963 1467 opposita
995 1409 1125 1466 sequens

108 1481 323 1557 probationem,
347 1499 501 1557 quousque
526 1479 674 1538 adfinem
697 1481 860 1554 perveniat.

70 1579 95 1619 15
197 1571 442 1629 Intentionem
473 1587 543 1627 vero
577 1571 787 1626 convertere
820 1569 863 1626 ad
894 1569 1125 1644 impossibile

17 1654 19 1658 ’
110 1662 162 1734 est,
185 1663 220 1718 ut
242 1662 403 1735 poneretur
425 1655 656 1715 contradictoria
678 1657 860 1733 intentionis
883 1662 915 1716 et
938 1657 1125 1732 ostendatur,

109 1748 190 1824 quod
213 1768 248 1806 ex
271 1749 312 1806 eis
336 1746 452 1820 accidit,
477 1745 558 1820 quod
580 1747 625 1803 θεῖ
643 1745 833 1820 impossibile,
857 1747 934 1804 sicut
954 1747 1124 1821 accepimus

108 1839 140 1894 in
157 1837 253 1913 figura
276 1854 367 1912 supra
389 1836 469 1893 latus
491 1834 596 1908 maius,
619 1837 653 1892 ut
676 1835 866 1893 ostendamus
890 1854 958 1893 cum
982 1854 1015 1893 eo
1039 1836 1124 1895 falsi-

107 1928 202 1983 tatem
225 1923 450 1983 contradictorie
473 1923 646 1980 intentionis
666 1925 696 1981 et
713 1925 872 1982 veritatem
894 1925 1076 1982 intentionis

69 2025 95 2062 20
200 2013 350 2070 Exrnrorr
364 2030 528 2071 anposrrro
542 2029 686 2071 ruonoor.
714 2013 833 2070 Iuomrn
847 2030 1010 2072 axrosmm
1025 2032 1123 2072 Parnm

106 2118 216 2159 enarro
240 2120 323 2159 amm
346 2102 497 2160 Eucnmrs
521 2118 687 2159 sncuunmr
709 2101 897 2161 Aunnmmu.

194 2190 235 2249 In
275 2191 388 2265 primo
429 2182 682 2271 theoremate²)
729 2191 860 2265 quinque
906 2190 1013 2268 figure,
1059 2211 1122 2250 una

109 2280 260 2338 Eucumrs
284 2284 314 2338 et
338 2283 466 2355 quatuor
488 2279 589 2336 Ynnu.

195 2369 279 2427 Dixit
315 2369 446 2427 Ynmus:
480 2367 517 2425 Si
555 2368 620 2442 quis
658 2368 801 2442 quesierit
838 2387 856 2426 a
891 2367 989 2441 nobis,
1027 2386 1123 2443 quare

66 2466 93 2507 25
107 2457 266 2516 Eoomnns
285 2459 383 2517 voluit
402 2455 564 2532 ostendere,
584 2456 731 2531 quomodo
750 2457 834 2515 fieret
851 2457 1022 2533 triangulus
1038 2459 1123 2531 equi·

106 2546 235 2621 lateras,
263 2549 293 2604 et
320 2566 379 2605 non
408 2545 549 2620 ostendit,
579 2545 725 2620 quomodo
754 2547 807 2604 alii
834 2545 979 2622 trianguli
1006 2545 1123 2622 fierent,

106 2654 174 2693 cum
206 2635 354 2693 sufficeret
386 2635 414 2692 ei
449 2635 481 2691 in
518 2635 578 2692 suis
613 2635 751 2709 operibus
788 2634 959 2710 triangulus
993 2634 1123 2693 duorum

107 2725 259 2799 equalium
285 2725 416 2782 laterum
443 2724 554 2798 absque
581 2723 647 2798 illo,
680 2723 823 2796 dicemus,
859 2723 938 2798 quod
965 2742 1024 2781 non
1052 2723 1121 2784 ideo

105 2813 185 2888 fecit,
209 2815 282 2888 quin
304 2813 367 2888 ipse
391 2813 479 2870 sciret
501 2813 598 2870 facere
617 2812 802 2889 triangulum
821 2811 947 2870 duorum
967 2813 1123 2886 equalium

18 2904 22 2913 “
64 2913 91 2951 30
104 2902 241 2977 laterum,
265 2902 316 2959 sed
340 2902 411 2976 quia
434 2920 509 2976 opus
533 2901 690 2976 equilateri
714 2903 758 2959 θεῖ
782 2900 926 2975 discipulo
947 2901 985 2958 ad
1004 2901 1120 2960 discen·

105 2991 175 3048 dum
202 2991 333 3065 facilius,
363 2994 392 3048 et
420 2989 523 3064 etiam,
557 2989 629 3066 quia
656 2991 720 3065 ipso
748 2989 850 3048 habito
878 2989 1005 3048 habetur
1033 2991 1122 3067 alius,

177 3162 240 3213 ἵθῖ
259 3165 282 3213 9.
303 3159 477 3214 corolarium.
498 3192 532 3199 -
553 3165 594 3212 13.
615 3157 814 3228 oppositiones.

93 3318 111 3341 ‘⁰
177 3321 203 3388 1)
225 3318 375 3388 intelligit,
398 3319 490 3372 latera
508 3317 644 3388 trianguli
663 3317 813 3386 equilateri
832 3335 892 3373 esse
911 3319 1039 3389 equales,
1063 3339 1122 3390 qua

104 3389 325 3459 proprietatem
344 3391 466 3444 secundo
485 3388 654 3443 theoremati
672 3389 768 3445 utitur.

177 3465 202 3530 2)
226 3461 456 3528 Eucnmnsl,1:
496 3462 679 3530 Triaapulum
706 3463 884 3530 equilatercm
911 3478 996 3531 supra
1023 3464 1121 3520 datam

105 3533 206 3587 lineam
224 3539 324 3588 rectam
342 3533 479 3587 collocare.
500 3564 533 3571 —
553 3532 657 3586 Yamus
673 3558 706 3577 =
720 3531 806 3587 Hnao.
