2408 3848
194 136 237 200 28
482 133 646 188 ANARITH
664 132 920 189 COMMENTARH

283 304 367 362 Dixit
389 295 595 384 Eucnmns¹):
625 303 688 370 Ea,
704 307 766 377 'qao
782 305 1004 377 promitteretur,
1031 306 1100 360 saort
1122 305 1192 376 quiri

195 411 256 468 que.
306 394 441 452 Primam
473 397 526 459 ost,
557 396 591 451 ut
621 394 699 451 ttoea
729 396 807 451 recta
838 410 858 450 a
885 393 1008 465 quotibet
1027 395 1137 464 puncto
1165 410 1204 450 rar

196 484 339 556 quodlibet
354 486 498 556 parietem
514 481 714 554 protrahatur.
755 481 798 538 Et
819 482 895 554 quod
917 481 994 539 liaeo
1012 481 1188 553 protraham

195 573 353 631 accardum
376 573 602 629 maturationem
625 574 650 628 et
671 570 868 628 rectitudinem
887 570 1006 628 atterius
1025 570 1097 627 ttooe
1115 571 1197 641 rtattc

169 674 181 712 o
196 661 239 718 Et
259 664 293 719 at
314 678 406 733 sopra
424 661 567 733 quodlibet
588 663 717 717 aratrum
734 660 877 732 quodlibet
893 660 1021 731 spatiosae
1039 659 1201 731 occaparod

197 750 322 808 circatas
368 749 607 807 circumducatur.
666 747 709 805 Et
752 764 849 806 omres
889 749 958 805 roctr‘
999 748 1100 820 uocati
1137 765 1204 805 aare

197 839 318 912 equales.
364 838 459 895 Etsi
486 838 564 895 ttoea
589 840 668 894 reeta
694 853 783 910 seper
807 837 883 894 duas
905 839 998 894 rectos
1021 837 1114 894 ttoeas
1137 837 1194 894 cett

196 928 324 994 darete
311 928 547 999 etproocreertot
572 927 629 984 duo
657 926 770 1002 coacti,
798 927 849 998 qut
875 925 1006 983 suntab
1033 943 1096 983 rroa
1120 929 1204 997 part

195 1017 321 1074 minores
348 1016 459 1073 duobus
486 1016 584 1082 rectis
612 1015 685 1072 tiore
710 1015 759 1072 rae
780 1017 927 1087 protacta
954 1016 1161 1087 cootwoyorrtar
1191 1038 1204 1066 o

157 1118 183 1156 10
193 1106 326 1177 porto,
315 1122 348 1162 oro
370 1122 428 1176 aaa
451 1107 520 1162 saort
541 1104 644 1176 capati
665 1105 791 1161 rotooros
814 1103 925 1162 doctas
947 1104 1031 1161 rectis
1005 1121 1039 1162 os.

286 1192 382 1267 Supra
409 1193 465 1250 hoc
492 1191 567 1250 dixit
590 1191 833 1250 Snuuunmnms:
860 1191 1023 1266 Postquam
1046 1191 1203 1249 Euenum

197 1281 279 1340 dedit
319 1280 525 1356 diffinitiones,
570 1275 670 1359 (que)
712 1280 870 1339 essentiam
911 1280 1121 1354 cuiuscumque
1162 1298 1195 1337 re

198 1369 323 1427 diffinite
343 1369 519 1446 significant,
542 1369 686 1445 processit
704 1369 743 1426 ad
760 1369 976 1426 numerandum
994 1387 1038 1443 ea,
1060 1387 1116 1443 que
1135 1386 1204 1426 sun*

196 1458 402 1534 premittenda.
445 1457 503 1516 Sed
522 1477 565 1533 ea,
589 1478 646 1534 que
664 1457 889 1533 premittuntur,
912 1460 983 1515 sunt
1002 1476 1046 1532 ea,
1069 1476 1127 1532 que
1145 1476 1200 1514 110

157 1560 182 1600 15
196 1551 266 1606 sunt
293 1565 443 1622 concessa,
470 1567 530 1606 non
554 1548 655 1604 tamen
679 1545 847 1604 dimittetur
870 1546 1042 1622 discipulus
1071 1546 1122 1621 qui
1145 1565 1200 1604 no

197 1640 323 1714 cogatur
346 1635 511 1695 concedere.
561 1635 699 1710 Exempli
722 1635 820 1710 gratia
842 1637 877 1693 ut
906 1635 1012 1694 sitris
1040 1634 1193 1711 magiste‘

197 1728 227 1784 et
249 1725 337 1801 quasi
358 1725 444 1782 radix
465 1723 564 1798 posita
588 1725 618 1781 et
641 1741 786 1782 concessa.
827 1724 868 1781 Et
889 1724 944 1782 hec
966 1723 1050 1782 radix
1074 1727 1127 1781 aut
1150 1723 1204 1781 eri

196 1813 401 1890 impossibilia
438 1811 515 1870 sicut
550 1811 639 1887 illud,
676 1812 755 1887 quod
788 1812 969 1871 Asemress
1006 1812 1140 1888 premisit
1178 1832 1204 1871 ei

196 1902 293 1977 petiit,
316 1904 350 1959 ut
373 1900 580 1960 concederetur
603 1901 638 1975 ei,
662 1901 782 1975 scilicet,
805 1904 839 1959 ut
863 1903 939 1960 esset
958 1904 1041 1960 extra
1063 1901 1154 1958 mund
1185 1928 1202 1954 u

157 2006 183 2044 ro
198 1983 288 2071 (dixit
306 1989 393 2064 enim,
413 1989 503 2064 quod,
525 1989 551 2047 si
568 1989 645 2047 illud
663 1990 870 2049 concederetur
888 1990 925 2064 ei,
946 1990 1010 2065 ipse
1030 1990 1200 2048 ostenderet

199 2079 277 2153 quod
299 2079 432 2136 moveret
453 2080 578 2152 terram,
605 2079 656 2136 ubi
680 2079 767 2137 dixit:
795 2079 910 2155 „Puer
933 2079 1084 2137 concede
1107 2078 1196 2136 mihi

198 2167 291 2243 quod
323 2167 372 2225 sit
402 2166 591 2242 possibile,
622 2187 673 2225 me
706 2168 842 2227 elevari
874 2170 909 2226 et
936 2187 1078 2225 manere
1106 2171 1201 2226 extr

197 2256 375 2329 mundum,
394 2258 429 2314 et
447 2275 510 2332 ego
529 2256 706 2314 faciamte
720 2256 856 2330 videre,
875 2255 969 2332 quod
984 2275 1046 2332 ego
1060 2256 1204 2315 moveb

197 2348 337 2403 terram
339 2335 388 2425 “²)
446 2345 486 2403 Et
521 2345 577 2403 hoc
612 2345 683 2420 fuit,
725 2365 792 2404 cum
828 2345 953 2404 iactavit
993 2363 1023 2403 se
1060 2345 1204 2404 invenies:

158 2449 183 2489 ee
198 2433 357 2508 „virtutem
375 2431 610 2511 geometricam&
652 2434 692 2492 ut
710 2434 806 2510 petiit,
825 2436 859 2493 ut
876 2434 1100 2509 promitteretur
1117 2433 1201 2492 istud

199 2525 229 2580 et
255 2524 414 2598 poneretur
442 2523 484 2581 sic
512 2541 587 2597 esse,
619 2522 689 2581 licet
717 2523 756 2582 sit
782 2522 972 2598 impossibile.
1024 2522 1192 2591 Quodtun
1150 2543 1204 2580 uni

197 2611 282 2686 fecit,
314 2614 349 2669 ut
380 2614 448 2686 post
480 2613 612 2670 auferret
643 2604 845 2693 doctrinam),
877 2614 930 2670 aut
962 2611 1018 2669 erit
1048 2611 1200 2687 possibilis

198 2700 278 2776 Ergo
303 2719 350 2775 ee,
378 2719 435 2776 que
458 2701 685 2776 promittuntur,
708 2703 762 2759 aut
785 2704 872 2760 erunt
893 2701 1102 2775 impossibilia,
1131 2700 1204 2759 sicu

198 2788 387 2864 prediximus,
410 2791 463 2847 aut
487 2792 573 2847 erunt
594 2789 758 2864 possibilia,
781 2790 856 2849 scita
875 2809 893 2848 a
911 2789 1053 2866 magistro
1073 2793 1104 2847 ct
1122 2789 1197 2848 disci

159 2893 185 2932 ao
198 2877 277 2953 pulis
302 2878 417 2955 ignota,
447 2898 503 2953 que
527 2881 644 2954 oportet
666 2879 800 2954 promitti
823 2879 859 2937 ab
883 2879 925 2937 eis
949 2880 1018 2936 ante
1042 2878 1169 2937 doctrin
1185 2905 1202 2931 u

272 3053 312 3101 14.
332 3046 532 3116 premittentia.
552 3080 587 3087 -
608 3053 648 3102 17.
668 3047 762 3120 quasi]
782 3064 851 3102 cum.

271 3209 451 3279 1)Eucxmns
466 3211 505 3263 ed.
522 3208 671 3276 Orurxuus,
690 3201 763 3262 f.
726 3225 757 3286 a,
766 3214 821 3276 ,7·
840 3209 989 3263 Petitiorrea
1002 3214 1066 3262 soret
1082 3209 1200 3277 quinque

271 3301 297 3367 2)
316 3298 506 3367 Puurracuue,
536 3297 687 3351 Marcellus
706 3302 751 3352 14:
780 3294 1024 3364 accommodaturos,
1053 3296 1089 3358 ὡς
1112 3295 1199 3387 φάσιν

200 3364 276 3460 ῥώμῃ
295 3377 344 3438 τῆς
357 3366 527 3432 ἀποδειξεως
542 3362 662 3435 εἶπεν,
648 3389 692 3435 ως,
713 3368 738 3421 εἰ
751 3368 803 3437 γὴν
817 3363 890 3438 εἶχεν
905 3366 1010 3436 ἑτέραν,
1030 3364 1187 3436 ἐκίνησεν
1172 3388 1190 3420 a

199 3439 445 3581 pgpgnrlpepaddc
464 3439 503 3501 εἰς
522 3437 1199 3508 taetrae.Cfr.etiamPr1³1>uned.HumecxlII
