2408 3854
116 147 161 210 44
404 114 845 203 Armiruoommnmnn

118 319 148 374 et
171 334 221 391 ar,
244 336 314 394 ergo
337 317 401 393 ipse
424 320 512 391 erunt
535 319 665 394 equales,
689 338 759 395 ergo
782 318 861 377 linea
885 335 925 378 cr
948 319 993 377 est
1016 318 1136 395 equalis

117 405 195 464 linee
214 408 266 464 ad.
300 406 358 464 Sed
376 407 456 466 linea
474 409 518 467 ud
536 408 597 466 fuit
615 407 728 483 equalis
746 406 823 466 linee
842 409 895 482 by,
909 427 979 484 ergo
998 407 1079 467 linea
1093 426 1134 469 aa

118 496 164 553 est
187 495 300 570 equalis
323 490 402 555 lineo
425 498 472 571 tq.
524 497 565 555 at
592 497 664 572 quia
687 496 778 555 etiam
800 499 817 556 b
841 500 886 556 est
914 500 1048 555 centrum
1075 498 1133 556 eir·

118 583 178 642 culi
198 589 266 658 gat,
290 586 320 642 et
342 585 379 644 ab
402 604 438 645 eo
461 585 500 642 ad
523 585 779 646 circonferentiam
800 587 862 644 iam
884 588 1035 662 protracte
1063 589 1135 645 sunt

91 672 176 731 edne
198 673 275 731 linee
298 675 337 732 ba
360 676 391 733 et
413 676 466 750 by,
489 694 559 753 ergo
577 675 642 750 ipse
665 676 735 733 sunt
753 676 884 750 equales
907 694 976 752 ergo
995 675 1076 735 linea
1095 677 1134 735 bz

119 765 164 821 est
188 763 302 838 equalis
325 763 403 822 linee
426 765 472 838 by.
520 763 578 823 Sed
600 763 681 822 linea
704 766 744 838 bg
766 765 825 822 fuit
848 764 962 840 equalis
981 764 1059 822 lineo
1078 783 1135 825 ar:

119 871 189 927 ergo
211 851 291 910 linea
315 870 357 911 aa
380 855 425 911 est
444 853 558 929 equalis
581 852 660 912 lineo
683 854 733 927 brr3
757 856 788 912 et
805 853 882 911 illud
900 856 954 928 est,
978 852 1059 928 quod
1083 853 1134 912 de·

117 941 283 999 monstrare
305 941 463 1001 voluimus.

206 1029 280 1088 Post
306 1030 361 1089 hoc
388 1031 509 1107 planius
536 1032 672 1108 loquens,
706 1034 751 1090 est
780 1030 951 1106 ostendens,
983 1031 1136 1106 quomodo

79 1133 105 1172 ro
119 1135 208 1193 super
229 1122 342 1177 rectam
363 1119 474 1179 lineam
496 1121 695 1181 constituatur
717 1120 886 1198 triangulus
910 1121 1008 1179 omnia
1036 1121 1137 1181 latera

118 1206 230 1266 habens
245 1207 370 1284 diversa,
385 1212 415 1267 et
424 1210 480 1270 hoe
489 1210 583 1269 tribus
592 1210 697 1286 modis,
713 1228 839 1285 quorum
852 1210 967 1285 primus
978 1211 1031 1286 est,
1046 1211 1083 1268 ut
1094 1211 1136 1269 sit

118 1295 198 1354 linea
217 1295 287 1354 data
300 1296 418 1358 brevior
433 1318 494 1357 una
508 1299 634 1358 duarum
646 1299 832 1374 reliquarum
851 1301 882 1356 et
894 1290 1012 1376 longior
1026 1299 1135 1358 altera.

208 1385 359 1444 Secundus
383 1406 453 1446 vero
477 1391 530 1463 est,
555 1390 590 1446 ut
613 1389 653 1446 sit
674 1387 754 1446 linea
777 1387 849 1446 data
870 1387 989 1446 brevior
1012 1407 1135 1464 quaque

121 1473 248 1532 duarum
270 1475 463 1550 reliquarum.

80 1583 104 1624 rs
208 1563 326 1622 Tertius
350 1584 470 1640 quoque
493 1568 546 1639 est,
569 1567 604 1622 ut
626 1565 666 1623 sit
686 1565 766 1624 linea
784 1565 856 1624 data
873 1564 991 1643 longior
1014 1583 1138 1642 quaque

120 1651 247 1710 duarum
269 1653 454 1728 reliquarum
476 1654 632 1711 linearum.

207 1741 348 1800 Primus
381 1744 501 1802 autem
531 1734 699 1824 modusl),
737 1762 795 1818 quo
832 1743 1011 1818 ostenditur,
1054 1744 1137 1820 quod

119 1831 199 1888 linea
222 1830 294 1888 deta
318 1829 358 1888 sit
379 1830 498 1890 brevior
520 1851 580 1889 una
603 1831 729 1890 duarum
755 1831 940 1907 reliquarum
962 1835 993 1890 et
1015 1832 1140 1911 longior

121 3096 225 3171 altera,
250 3098 295 3154 est
317 3092 494 3152 huiusmodi.
542 3094 588 3153 Sit
606 3095 685 3153 linea
704 3094 775 3152 data
794 3095 843 3169 ab,
867 3097 898 3152 et
920 3111 1040 3169 ponam,
1063 3099 1101 3154 ut
1120 3115 1139 3156 α

81 3186 161 3244 rosit
180 3188 321 3261 centrum,
341 3201 432 3260 supra
451 3182 530 3258 quod
549 3202 616 3242 cum
634 3183 740 3260 spatio,
764 3181 843 3258 quod
863 3184 908 3241 est
924 3182 1004 3241 inter
1022 3202 1042 3242 a
1061 3187 1093 3242 et
1113 3187 1141 3259 b,

70 3308 93 3354 0
122 3274 341 3333 circumducam
379 3272 536 3348 circulum,
574 3272 625 3347 qui
662 3273 701 3330 sit
734 3272 861 3330 circulus
894 3273 966 3346 ὁρᾶ.
1020 3271 1139 3332 Ponam

195 3462 221 3528 1)
243 3459 323 3514 Hanc
346 3475 458 3527 quoque
480 3458 702 3539 propositionem
724 3459 811 3513 habet
830 3459 954 3512 Pnocans
973 3463 1039 3528 219,
1058 3466 1141 3530 4sq.‚

115 3530 169 3582 secl
185 3530 311 3584 Hnnorus
327 3548 385 3585 non
403 3531 578 3585 mentronem
595 3529 673 3586 facit.
