2408 3848
459 271 764 344 PRAEFATIO.

195 433 270 494 Oum
296 437 428 510 tempore
458 434 571 494 aestivo
600 433 672 491 anni
700 435 783 493 1896
814 434 955 493 beneficio
983 433 1116 511 Amplis-

104 525 198 584 simae
221 524 399 583 Academiae
423 523 533 600 Regiae
559 523 756 581 Scientiarum
774 523 974 582 Berolinensis
998 524 1113 584 occasio

104 613 179 671 mihi
201 612 303 671 oblata
327 615 403 671 esset
425 612 559 687 publicas
584 611 759 670 Germaniae
782 611 983 687 Austriaeque
1006 612 1113 673 biblio-

105 703 205 761 thecas
228 701 435 777 perscrutandi
456 700 494 758 ad
511 700 742 776 promovendam
760 701 915 758 scientiam
934 720 1056 776 operum
1075 703 1113 760 ad

105 791 299 867 geometriam
317 789 463 865 imprimis
478 789 568 846 medii
583 789 648 848 aevi
663 788 884 864 pertinentium,
902 789 1113 850 bibliothecam

39 913 40 916 η
107 898 225 955 quoque
239 879 451 938 Universitatis
466 877 668 936 Oracoviensis
684 877 752 953 adii,
771 877 873 953 ibique
886 878 919 936 in
934 879 1032 938 codice
1048 881 1110 939 569

104 967 137 1025 in
157 967 323 1028 versionem
344 967 436 1025 incidi
457 965 622 1024 (incanam
641 965 855 1026 (lurnesianus
880 966 1112 1027 Commentario-

104 1076 182 1131 rum,
219 1074 294 1133 quos
327 1055 420 1114 edidit
451 1055 578 1113 Arabice
609 1051 707 1114 Anisa
728 1045 844 1114 ‘Annis
872 1057 1022 1134 an-Eann
1051 1076 1113 1116 nau

104 1141 207 1224 iiiam
225 1140 417 1219 Ars-Nmaizi,
440 1144 612 1202 Anamares
633 1144 671 1201 ab
689 1144 852 1219 interprete
870 1145 1050 1220 nominatus,
1074 1147 1112 1204 ad

105 1234 206 1292 decem
227 1233 318 1293 libros
341 1234 454 1309 priores
477 1233 701 1291 Elementorum
719 1232 878 1291 Eucnnus.
915 1232 996 1303 Quae
1014 1234 1111 1294 versio

104 1322 216 1380 iamdiu
248 1323 285 1380 ab
312 1321 480 1381 hominibus
513 1319 606 1379 doctis
639 1321 750 1379 frustra
783 1321 918 1396 quaesita
950 1322 1112 1381 maximum

104 1410 177 1468 mihi
195 1411 336 1488 gaudium
350 1410 500 1469 afferebat.
528 1409 731 1468 intercedente
745 1409 950 1469 illustrissimo
964 1411 1110 1488 Ministro,

104 1499 158 1575 qui
181 1501 267 1558 rebus
291 1499 496 1558 ecclesiasticis
520 1502 574 1558 etc.
597 1499 723 1574 praeest,
747 1498 837 1556 codex
857 1498 908 1555 ille
928 1500 1112 1558 Thorunium

102 1587 211 1648 missus
248 1589 307 1662 est,
345 1591 380 1646 ut
416 1607 450 1646 eo
481 1587 513 1645 in
545 1587 731 1646 Bibliotheca
764 1585 920 1662 Gymnasii
946 1588 1033 1664 Regii
1064 1588 1112 1647 uti

102 1695 228 1753 possem.
274 1677 332 1735 Hic
354 1679 434 1736 totos
458 1676 683 1735 commentarios
707 1676 855 1751 exscripsi.

190 1765 394 1824 illustrissimo
421 1765 558 1823 Ministro
588 1784 641 1823 nec
668 1763 766 1822 minus
793 1764 1004 1841 Amplissimae
1032 1765 1109 1826 Aca-

100 1854 224 1929 demiae,
248 1853 330 1913 cuius
350 1873 405 1930 ope
423 1853 482 1912 iter
498 1853 575 1911 illud
593 1853 658 1930 feci,
683 1856 713 1911 et
730 1853 786 1913 hoc
804 1853 869 1912 loco
888 1855 1001 1931 gratias
1020 1874 1109 1932 agere

100 1962 192 2018 quam
218 1942 363 2001 maximas
386 1945 416 2001 et
443 1943 488 2000 fas
518 1945 574 2017 est,
605 1944 635 2000 et
658 1941 773 2000 animus
802 1961 850 2000 me
879 1946 975 2020 urget.
1027 1943 1109 2014 Quae

98 2031 307 2090 Hlustrissima
324 2030 487 2090 Academia
509 2031 618 2089 iterum
640 2030 814 2089 beneficium
837 2049 924 2090 suum
947 2052 981 2092 eo
1000 2051 1109 2109 augere

100 2119 244 2194 decrevit,
274 2120 355 2195 quod
380 2137 521 2196 magnam
547 2122 664 2195 partem
690 2119 894 2195 impensarum
919 2119 1109 2196 imprimendi

99 2227 153 2268 suo
176 2210 299 2285 sumptu
322 2207 533 2285 suppeditavit.

189 2297 270 2366 Quae
297 2297 334 2355 de
361 2296 460 2357 codice
487 2295 689 2371 manuscripto
713 2296 837 2355 dicenda
865 2297 938 2372 sint,
972 2317 1107 2375 quaeque

98 2386 135 2445 de
159 2405 247 2462 opere
264 2385 339 2462 ipso,
363 2386 443 2461 quod
461 2403 515 2461 pro
534 2385 736 2462 cognoscenda
754 2385 877 2444 scientia
895 2386 1108 2447 mathematica

98 2475 290 2550 antiquitatis
310 2473 449 2533 classicae
467 2473 590 2532 maximi
603 2473 747 2531 momenti
765 2492 827 2532 esse
846 2473 1107 2553 demonstrabitur,

96 2563 129 2621 in
152 2563 369 2640 prolegomenis
393 2562 615 2621 declarabimus.
925 2619 927 2624 .

186 2651 245 2710 Hic
272 2652 392 2710 demum
422 2651 534 2728 gratias
568 2669 698 2711 summas
731 2669 818 2728 agere
848 2652 934 2726 cupio
961 2653 1026 2713 viro
1053 2655 1106 2714 ccl.

96 2740 131 2798 B.
152 2739 186 2799 G.
206 2740 384 2815 remmio,
407 2741 460 2815 qui
483 2739 730 2799 commendationi
753 2739 840 2798 amici
863 2743 893 2798 et
916 2741 963 2798 sui
986 2746 1017 2800 et
1038 2743 1106 2820 mei,

97 2829 249 2889 Manamn
272 2827 442 2904 Oansoms,
470 2829 624 2888 obsecutus
651 2827 854 2887 lubentissime
881 2829 934 2887 hos
960 2849 1105 2890 commen-

96 2918 192 2978 tarios
214 2917 447 2987 „Bibliotbecuc“
470 2936 542 2976 suae
564 2917 692 2975 inserere
716 2917 854 2992 decrevit,
877 2936 931 2977 nec
953 2938 1013 2978 non
1033 2920 1105 2980 viris

95 3006 275 3066 doctissimis
293 3006 321 3065 J.
336 3006 368 3064 L.
383 3006 558 3066 Hamaacro
578 3008 608 3064 et
625 3005 813 3080 Hilarem,
832 3025 958 3082 quorum
977 3009 1106 3068 auctori·

94 3097 158 3154 tate
186 3096 264 3154 hunc
290 3095 400 3154 librum
427 3096 667 3172 supplementum
695 3094 832 3154 editionis
860 3114 931 3154 suae
954 3097 1105 3157 Eucnmrs

94 3183 249 3244 nominare
271 3184 349 3244 licet.

186 3290 297 3367 Scripsi
320 3291 478 3366 Thonmfi,
500 3309 600 3350 mense
623 3289 733 3349 Martio
756 3288 828 3348 anni
850 3291 943 3352 1899.

671 3407 915 3481 Maximilianus
934 3410 1075 3476 tuntas.
