2408 3848
113 137 179 202 330
400 135 564 195 ANARITII
582 133 840 191 commentatur

113 306 241 365 cundum
264 304 457 380 superficiem,
480 304 564 364 cuius
587 323 657 363 area
676 307 721 364 est
741 305 769 379 5,
792 322 850 380 que
869 305 917 363 est
934 303 1137 371 incommuni-

112 414 183 455 cans
211 394 304 453 radici
332 395 365 469 8,
391 396 422 450 et
448 411 624 468 unaqueque
651 393 777 451 duarum
804 393 955 452 linearum
984 393 1080 459 tercie
1107 395 1136 452 et

113 488 193 544 sexte
217 483 449 542 incommunicat
470 482 547 540 linee
569 482 711 543 rationali
734 482 811 541 date.

201 571 266 630 Iam
298 571 392 648 igitur
423 590 459 628 41
490 589 538 644 44,
571 571 650 648 quod
680 571 820 644 diximus,
852 569 1055 631 manifestum
1082 574 1133 646 est,

86 660 192 737 equod
223 659 403 735 quadratum
433 659 576 736 longioris
608 661 700 719 trium
729 660 896 735 primorum
922 658 1013 721 addit
1042 678 1133 737 supra

111 749 277 809 breviorem
303 748 497 824 quadratum,
524 749 614 808 lateri
636 749 720 808 cuius
743 747 861 825 longior
882 748 916 806 in
938 748 1131 826 longitndine

113 837 323 911 communicat,
360 839 391 896 et
427 837 505 913 quod
537 838 720 913 reliquarum
751 837 845 896 trium
875 835 1026 913 longioris
1062 856 1132 916 aug·

112 930 245 985 mentum
270 944 362 1002 supra
387 925 553 985 breviorem
581 930 626 985 est
649 946 717 985 cum
740 927 901 1002 quadrato,
928 925 1022 986 lateri
1047 928 1131 986 euius
1180 916 1182 927 '

111 1016 229 1092 longior
264 1016 296 1073 in
327 1015 513 1091 longitudine
545 1014 723 1092 seiungitur3
761 1018 791 1074 et
823 1013 916 1090 quod,
952 1032 1025 1075 oum
1060 1034 1132 1091 qua·

72 1119 98 1158 io
111 1105 230 1164 dratum
257 1104 400 1164 brevioris
427 1105 536 1180 primi
562 1105 709 1162 minuitur
735 1123 770 1162 ex
798 1103 944 1178 quadrato
973 1103 1132 1181 longioris,

112 1193 225 1252 scilicet
249 1194 267 1250 5
292 1212 328 1251 ex
352 1197 385 1268 9,
410 1195 543 1252 remanet
566 1193 734 1269 superficies
757 1191 918 1268 quadrata,
941 1210 1002 1267 que
1026 1196 1076 1253 est
1099 1195 1130 1266 43

112 1285 144 1341 et
173 1301 239 1341 cum
266 1283 447 1358 quadratum
472 1280 617 1342 brevioris
644 1281 791 1341 secundi
818 1281 963 1339 minuitur
993 1301 1031 1340 ex
1060 1301 1131 1358 qua·

111 1371 198 1431 druto
220 1371 354 1446 maioris,
377 1374 408 1430 44
430 1370 585 1446 dividitur,
610 1369 689 1446 quod
711 1371 852 1444 remanet,
874 1388 929 1445 per
950 1369 1131 1448 longiorem,

112 1463 166 1519 aut
197 1460 315 1537 longior
345 1460 489 1518 dividitur
520 1479 573 1536 per
604 1461 715 1535 ipsum,
751 1461 803 1518 aut
836 1477 928 1516 unum
958 1477 1070 1519 earum
1101 1459 1131 1518 in

73 1562 98 1602 15
113 1550 239 1608 alteram
261 1549 491 1624 multiplicatur,
514 1549 571 1607 erit
594 1549 636 1621 ei,
659 1548 738 1624 quod
760 1547 898 1624 provenit
919 1565 956 1607 ex
979 1547 1130 1608 divisione

111 1634 184 1715 <seu
216 1632 498 1716 multiplicatione),
530 1637 622 1697 radix.
673 1635 748 1696 Cum
780 1636 859 1702 enim
890 1655 926 1695 ex
957 1636 1002 1694 45
1032 1639 1130 1699 minu-

111 1729 220 1786 erimus
246 1728 296 1803 25,
319 1729 453 1785 remanet
476 1727 526 1784 20.
568 1724 643 1784 Cum
665 1726 760 1804 igitur
778 1745 832 1801 per
850 1744 917 1784 eum
935 1723 1131 1786 diviserimus

112 1818 168 1891 45,
196 1816 351 1891 proveniet
379 1817 397 1872 2
424 1818 455 1873 et
477 1816 599 1889 quarta,
628 1834 684 1890 que
708 1817 753 1875 est
776 1813 943 1890 superficies
968 1814 1132 1889 quadrata,

112 1906 195 1962 cuius
217 1903 302 1961 radix
325 1905 371 1961 est
392 1905 410 1961 2
432 1905 461 1960 et
481 1896 527 1981 ¹s„
551 1905 581 1962 et
599 1904 625 1963 si
643 1903 940 1980 multiplicaverimus
959 1903 1003 1961 45
1025 1903 1058 1962 in
1079 1907 1132 1976 25,

72 2008 99 2047 so
111 1992 289 2068 provenient
313 1993 386 2065 900,
409 1990 491 2051 cuius
509 1991 594 2050 radix
613 1995 659 2052 est
678 1994 728 2067 30,
752 1993 804 2069 qui
822 1994 868 2050 est
885 2010 1030 2051 numerus
1049 1993 1132 2051 inter

114 2083 156 2140 20
184 2083 214 2138 44
241 2082 283 2140 45
312 2080 471 2139 secundum
497 2082 733 2156 proportionem3
765 2081 825 2157 ipsi
852 2079 931 2139 enim
958 2084 1034 2140 sunt
1061 2101 1132 2158 pro-

111 2169 302 2246 portionales.
348 2169 389 2228 Et
414 2170 446 2227 in
473 2171 600 2245 quinto
628 2189 694 2229 cum
721 2170 866 2229 minuitur
894 2172 911 2230 9
936 2187 972 2227 ex
996 2170 1056 2245 24,
1085 2191 1132 2230 re-

111 2261 213 2317 manet
242 2260 297 2332 15,
324 2259 376 2333 qui
404 2261 449 2318 eet
476 2259 589 2318 surdus.
636 2257 712 2318 Cum
737 2277 807 2336 ergo
831 2278 923 2317 unum
945 2276 1054 2319 eorum
1076 2280 1133 2336 per

112 2348 239 2406 alterum
266 2347 466 2422 diviserimus,
499 2351 551 2406 aut
577 2347 874 2424 multiplicaverimus
901 2366 995 2406 unum
1024 2366 1133 2409 eorum

72 2450 98 2491 se
112 2437 143 2494 in
163 2438 298 2511 alterum,
321 2455 380 2496 non
398 2437 552 2512 proveniet
571 2436 738 2512 superficies
757 2436 913 2512 quadrata.
954 2435 991 2494 In
1009 2438 1132 2498 tercio

112 2544 229 2601 quoquo
253 2544 319 2583 cum
341 2526 533 2584 minuerimus
556 2545 592 2584 ex
616 2527 678 2585 108
703 2527 755 2599 60,
776 2527 932 2584 remanent
954 2525 1005 2583 48.
1053 2525 1133 2586 Cum

111 2633 182 2691 ergo
210 2613 397 2673 diviserimus
427 2615 489 2674 108
517 2634 571 2690 per
599 2616 655 2689 48,
681 2614 861 2690 proveniunt
889 2615 907 2672 2
937 2605 1041 2691 44144,
1071 2636 1132 2692 que

112 2706 158 2762 est
180 2703 348 2778 superficies
371 2703 528 2779 quadrata,
551 2706 581 2761 et
604 2707 692 2763 erunt
713 2703 828 2762 numeri
851 2701 971 2763 similes.
1018 2701 1132 2764 Sexte

112 2795 212 2851 autem
238 2792 381 2852 brevioris
408 2791 601 2868 quadratum,
629 2811 696 2851 cum
719 2791 898 2868 quadratum
920 2791 1048 2851 minoris
1072 2789 1135 2871 <ex

71 2895 98 2936 so
112 2878 168 2956 eo>
185 2881 338 2955 minuitur,
361 2884 503 2956 remanet,
526 2883 579 2958 qui
598 2884 643 2940 est
661 2899 799 2940 numerus
819 2880 931 2940 surdus.
973 2880 1015 2944 Et
1034 2883 1134 2942 etiam

110 2970 202 3027 trium
224 2970 357 3044 priorum
380 2989 446 3028 cum
469 2970 587 3048 longior
608 2970 688 3028 linea
711 2970 855 3028 dividitur
872 2970 904 3026 in
922 2968 996 3028 duas
1016 2974 1133 3048 partes,

111 3077 239 3134 quarum
262 3059 348 3116 unius
371 3059 403 3116 in
426 3059 553 3117 alteram
575 3059 633 3118 erit
652 3059 864 3135 multiplicatio
883 3056 999 3133 equalis
1018 3064 1133 3142 quarte

111 3147 251 3222 quadrati
278 3147 413 3223 minoris,
442 3151 531 3206 erunt
558 3148 614 3205 due
642 3149 786 3206 sectiones
814 3147 1070 3206 communicantes
1100 3152 1135 3208 in

110 3236 309 3314 longitudine,
337 3255 404 3294 cum
430 3237 521 3296 fuerit
547 3237 665 3314 longior
692 3237 783 3296 sectio
811 3239 916 3312 potens
945 3253 1038 3311 supra
1063 3237 1135 3298 bre-

71 3337 97 3378 35
111 3327 224 3384 viorem
255 3344 323 3384 curn
355 3329 514 3402 augmento
543 3326 682 3402 quadrati
709 3326 832 3384 minoris
859 3325 936 3382 linee
963 3330 1137 3387 communi·

185 3519 225 3567 13.
246 3515 275 3566 et
293 3511 376 3580 quod.
396 3545 430 3552 —
451 3519 492 3579 14,
510 3516 544 3569 ut
560 3512 678 3583 longior.
699 3543 732 3553 -
752 3517 794 3567 29.
815 3528 879 3566 cum
897 3509 1066 3592 quadratu
