2408 3848
428 183 477 236 An
497 182 682 238 nucnmnu
699 183 766 236 nra.
781 183 814 237 u.
914 263 916 267 .
1056 182 1119 246 229

111 354 141 409 εὴ
159 352 313 426 proportio
332 352 450 410 numeri
468 354 509 411 ab
528 351 566 410 ad
584 373 738 411 numerum
754 353 796 426 pb
816 351 855 410 sit
873 353 949 410 sicut
966 351 1120 427 proportio

111 440 252 515 quadrati
270 442 310 499 dc
329 440 368 499 ad
386 441 566 517 quadratum
583 460 611 501 a:
636 461 705 519 ergo
724 441 904 515 ostendetur,
927 441 1005 499 sicut
1024 443 1121 499 osten-

111 547 177 586 sum
206 532 263 604 est,
292 530 372 606 quod
399 530 567 590 coniunctio
595 531 723 589 duorum
747 530 962 607 quadratorum
983 531 1049 603 luz
1076 532 1121 588 est

112 619 226 693 equalis
259 619 406 695 quadrato
434 621 486 695 de,
519 622 549 677 et
581 620 660 694 quod
687 621 726 678 dc
757 623 856 695 potest
888 637 977 694 supra
1003 619 1023 676 h
1054 637 1121 676 cum
1178 690 1180 695 Α

112 711 272 784 augmento
296 708 435 784 quadrati
458 708 535 766 linae
559 709 689 767 seiuncta
713 708 771 767 sibi
791 708 824 766 in
843 707 1038 785 longitudine,
1062 725 1120 783 que
1147 718 1160 758 5

113 799 157 854 est
180 796 260 854 linea
282 815 311 871 a,
335 800 366 855 et
388 797 464 854 illud
487 800 544 872 cst,
568 797 647 872 quod
670 797 872 857 demonstrare
895 797 1053 856 voluimus.

199 885 290 944 Volo
333 886 539 961 ostendere,
581 886 742 961 qualiter
781 885 1018 944 inveniantur
1054 884 1119 958 due

111 974 206 1031 lineo
229 975 265 1031 iu
288 975 457 1049 potentia
479 977 621 1033 tantum
638 974 853 1050 rationales,
877 993 1026 1050 quarum
1043 975 1120 1032 lon-

112 1063 192 1139 gior
213 1063 331 1139 possit
359 1082 468 1139 supra
491 1063 693 1123 breviorem
720 1083 796 1122 cum
819 1065 1009 1140 augmento
1034 1082 1118 1138 qua-

112 1151 209 1210 drati
233 1152 329 1210 linee
353 1153 650 1211 communicantis
673 1152 743 1211 sibi
765 1152 801 1209 in
824 1151 1061 1228 longitudine.
1134 1163 1161 1203 10

203 1239 277 1299 Cum
305 1260 375 1318 ergo
402 1260 528 1317 posuero
556 1241 666 1299 lineam
693 1243 746 1316 ote,
778 1261 835 1316 que
868 1243 913 1299 est
941 1241 973 1298 in
1004 1241 1120 1299 duabus

111 1328 215 1406 figuris
236 1330 469 1406 precedentibus,
491 1330 669 1390 rationalem
690 1330 723 1388 in
745 1330 940 1407 longitudine,
964 1333 994 1388 ct
1011 1329 1121 1388 lineam

113 1418 271 1477 secundam
288 1419 467 1478 rationalem
485 1419 517 1477 in
530 1418 726 1496 longitudine,
746 1419 859 1477 scilicet
872 1437 996 1495 posuero
1011 1419 1121 1476 lineam

111 1507 291 1567 rationalem
313 1511 344 1567 et
366 1509 477 1567 lineam
499 1509 659 1567 secundam
677 1510 729 1583 dc,
753 1510 783 1566 ct
805 1526 946 1583 posuero,
968 1509 1002 1564 ut
1020 1508 1060 1565 dc
1082 1506 1122 1564 sit

255 1661 270 1713 b
338 1677 395 1714 eoa
412 1662 564 1730 quadratus
637 1677 654 1768 p
689 1676 746 1714 aon
764 1661 916 1730 anamotus
958 1676 977 1712 c

264 1732 267 1766 l
964 1730 967 1766 ι

267 1775 959 1810 ᾕ--Ψ--α

538 1822 690 1890 quadratas
797 1879 799 1882 ,

236 2189 526 2198 -—-—-
644 2178 753 2198 ¹——
995 2173 999 2209 1

727 2211 921 2266 Mbuadcatic

114 2357 195 2416 linea
214 2358 347 2418 seiuncta
364 2359 474 2419 lineet
496 2359 528 2417 in
546 2359 740 2436 longitudine,
764 2363 794 2418 et
811 2377 906 2434 neque
926 2357 1124 2417 communicat
1137 2369 1162 2410 15

115 2442 185 2524 <ei>
203 2447 262 2506 nisi
284 2448 316 2506 in
338 2449 473 2525 potentia
497 2449 601 2523 solum,
624 2449 707 2506 euius
728 2448 820 2506 etiam
840 2447 1021 2522 quadratum
1039 2445 1125 2505 cadet

116 2555 206 2612 supra
236 2537 456 2612 quadratumt
484 2557 552 2596 cum
579 2539 739 2614 augmento
768 2535 908 2612 quadrati
933 2535 1062 2609 lincea,
1095 2537 1125 2593 et

116 2625 173 2683 erit
198 2625 280 2684 linea
305 2644 322 2686 a
354 2625 574 2685 communicans
601 2625 678 2684 linea
708 2627 747 2684 de
774 2625 806 2682 in
832 2624 1033 2702 longitudine:
1063 2624 1125 2681 iam

116 2733 186 2791 ergo
210 2717 360 2773 ostensum
383 2718 441 2790 est,
471 2714 602 2791 qualiter
623 2714 659 2772 fit
680 2715 748 2789 hec,
778 2715 809 2772 et
832 2713 961 2788 qualiter
984 2712 1044 2770 sint
1067 2713 1125 2770 due

115 2803 193 2861 linea
211 2803 374 2862 rationales
391 2803 573 2880 inpotentia
590 2805 718 2879 tantum,
738 2821 864 2879 quarum
877 2796 1015 2880 <longior
1030 2801 1126 2877 possit
1139 2813 1165 2854 2⁰

115 2909 206 2967 supra
228 2891 394 2951 breviorem
417 2912 483 2951 cum
506 2895 667 2971 augmento
686 2891 826 2968 quadrati
843 2886 941 2969 linae>
964 2889 1124 2949 communi·

115 2981 211 3039 cantis
234 2981 291 3040 sibi
313 2981 345 3039 in
367 2980 562 3059 longitudine.

204 3069 267 3128 Hec
289 3074 391 3129 autem
412 3070 539 3130 intentio
562 3070 681 3146 proprie
711 3072 741 3128 et
763 3069 821 3129 due
843 3068 1035 3144 intentiones,
1066 3087 1126 3144 que

115 3159 293 3233 precedunt,
322 3162 392 3218 sunt
413 3157 576 3218 necessarie
600 3158 746 3236 infigura
770 3159 870 3233 surde,
896 3178 953 3234 que
976 3160 1021 3216 est
1042 3157 1126 3216 bino·

115 3247 218 3323 mium,
243 3252 273 3306 et
296 3248 453 3307 surdarum
475 3248 610 3324 ipsarum
629 3247 825 3323 sequentium,
849 3248 928 3306 etin
946 3246 1077 3306 binomio
1097 3248 1127 3304 et
1140 3255 1171 3296 2⁵2

187 3423 211 3471 4.
237 3433 320 3499 super
338 3418 402 3471 cat.
425 3447 461 3456 -
476 3423 526 3498 Ι12.
550 3416 709 3471 rationalis.
733 3449 768 3457 —
793 3421 834 3471 13.
853 3415 1126 3496 longitudinem-
1188 3466 1195 3499 4

118 3493 159 3540 19.
181 3491 210 3542 et
228 3488 363 3560 quahter]
389 3487 535 3556 equahter.
559 3521 594 3529 -
618 3493 732 3543 20-22.
756 3503 874 3556 quarum
892 3504 952 3540 una
970 3487 1140 3538 commeat„

116 3557 200 3612 alteri
217 3558 247 3611 in
266 3557 451 3628 longitudine.
