2408 3848
401 149 451 203 AD
470 149 655 204 EUOLIDEM
676 151 742 205 LIB.
758 151 778 205 Ι.
1054 152 1097 216 39

76 318 233 377 rationum
254 317 322 376 finis
341 337 400 376 non
419 319 527 377 tribuit
544 319 629 378 nobis
646 319 704 377 nisi
723 319 886 378 scientiam.
923 320 997 379 Dico
1016 341 1097 398 ergo,

77 407 162 485 quod
181 425 254 481 opus
268 406 371 484 figure,
391 427 449 482 que
469 409 554 467 docet
567 409 664 466 facere
683 409 869 484 triangulum
889 409 1096 485 equilaterum,

78 517 141 556 non
164 496 250 556 docet
268 495 326 554 nisi
345 497 499 555 scientiam
517 500 547 554 θῖ
565 516 625 556 non
644 516 719 572 opus
738 516 889 556 manuum.
925 498 1096 558 Invenimus

79 586 162 644 enim
184 585 328 661 quosdam
346 586 401 644 hoc
419 585 493 644 bene
512 587 646 660 scientes,
666 587 718 661 qui
737 607 796 645 non
814 588 1011 662 possunthoc
1030 607 1095 662 per·
1154 575 1156 580 ’

77 676 168 734 ficere
191 674 237 731 illi
259 674 356 749 mode,
379 694 475 749 neque
498 675 526 733 ei
550 675 711 734 attribuere
734 675 810 734 hanc
832 677 968 735 formam.
1019 676 1095 745 Quo·
1121 689 1135 729 θ

78 764 170 823 modo
193 782 263 822 vero
286 764 451 823 necessario
475 763 559 837 fiunt,
582 767 612 822 et
633 764 787 841 ingenium
810 764 981 840 perficiendi
1000 766 1095 824 dicere

78 852 222 929 poterint.
267 852 412 911 Possibile
430 855 532 910 tamen
551 854 603 927 est,
622 853 816 930 geometriam
835 872 897 912 θεεθ
916 855 1096 930 principium

80 943 210 1001 aliarum
238 941 438 999 doctrinarum
464 941 609 1016 practice,
642 962 698 1017 que
730 943 866 1001 manibus
900 947 1051 1018 exequant
1088 989 1095 1000 .

80 1023 213 1112 Opera¹)
237 1030 323 1105 enim,
347 1037 405 1106 que
424 1031 543 1089 suntin
562 1031 732 1108 geometria,
757 1036 826 1089 sunt
844 1033 924 1106 apud
947 1032 1095 1107 sapientes

80 1120 161 1179 sicut
184 1139 227 1194 ea,
250 1138 307 1195 que
329 1119 553 1194 premittuntur,
578 1120 615 1177 ad
638 1120 868 1178 declarationem
891 1121 1026 1180 aliorum.
1108 1135 1134 1173 10

172 1208 297 1277 Quidam
324 1227 444 1283 quoque
471 1209 647 1266 invenerunt
673 1208 704 1266 in
731 1200 866 1289 figurisl)
894 1229 986 1268 unam
1014 1211 1094 1268 diffe-

80 1299 218 1372 rentiam,
242 1316 331 1372 quam
354 1301 535 1356 vocavemmt
558 1290 789 1373 inventumss),
818 1298 895 1356 sicut
921 1302 1023 1356 nostra
1051 1299 1094 1356 in-

80 1387 186 1462 tentio,
210 1405 299 1461 quam
322 1386 464 1445 habemus
487 1386 519 1443 in
541 1386 638 1461 prima
655 1386 751 1463 figura
769 1387 859 1444 tercie
877 1387 981 1463 partis.
1027 1388 1095 1446 Non

81 1474 164 1533 enirn
189 1475 368 1533 intendimus
399 1475 441 1533 ibi
468 1475 527 1533 nisi
557 1476 690 1534 invenire
722 1477 855 1533 centrum
887 1475 991 1534 circuli
1023 1476 1093 1534 dati.

82 1562 145 1621 Sed
166 1564 338 1639 differentia,
362 1583 419 1639 que
444 1567 488 1622 θεῖ
510 1565 588 1622 inter
610 1565 811 1623 inventionem
830 1567 860 1622 et
883 1564 1093 1640 operationem,
1110 1577 1133 1617 15

79 1655 140 1724 est,
164 1654 240 1727 quod
262 1653 443 1713 inventionis
466 1653 532 1711 finis
555 1673 614 1712 non
638 1656 683 1732 est
705 1655 761 1712 nisi
785 1653 918 1711 invenire
941 1672 1012 1728 rem,
1036 1673 1094 1728 que

78 1743 145 1800 iam
173 1744 217 1799 est
241 1742 376 1817 inventa,
405 1746 435 1800 ct
462 1761 521 1800 non
548 1743 680 1801 invenire
708 1762 784 1815 rem,
809 1762 867 1816 que
888 1743 950 1800 iam
973 1743 1093 1801 inventa

78 1850 235 1905 nunquam
256 1831 327 1904 fuit3
352 1833 382 1888 et
405 1831 579 1905 differentia,
603 1851 659 1906 que
684 1835 728 1890 est
750 1832 828 1888 inter
855 1851 922 1889 eam
944 1835 974 1890 et
1002 1831 1093 1890 scien-

76 1921 166 1994 tiam,
186 1923 230 1978 θεῖ
247 1920 330 2000 illud,
354 1920 434 1995 quod
452 1920 576 1978 scientia
595 1923 647 1993 est,
671 1920 750 1995 quod
767 1920 852 1994 illud,
871 1921 950 1995 quod
969 1920 1093 1979 scientia

77 2008 167 2068 nobis
189 2007 301 2084 tribuit,
324 2013 434 2084 utrum,
457 2009 632 2084 priusquam
653 2009 787 2083 probent,
815 2011 969 2068 inventum
992 2010 1031 2068 sit
1054 2029 1093 2068 an
1107 2022 1134 2061 20

76 2117 151 2171 non,
173 2097 356 2174 ignoramuS,
380 2099 456 2157 sicut
480 2098 559 2173 quod
581 2098 684 2173 anguli
710 2098 855 2173 trianguli
879 2101 949 2156 sunt
972 2100 1092 2174 equales

77 2185 195 2244 duobus
218 2187 304 2245 rectis
329 2188 458 2264 angulis:
486 2187 517 2244 in
539 2186 709 2248 inventione
737 2188 839 2244 autem
866 2187 986 2261 seimus,
1014 2188 1093 2262 quod

75 2275 210 2334 circulus
237 2275 327 2333 habet
357 2280 503 2351 centrum,
536 2275 587 2334 sed
618 2277 755 2334 volumus
783 2276 882 2334 locum
914 2276 977 2335 eius
1010 2277 1091 2334 scire.

76 2364 149 2422 Nisi
177 2364 202 2421 si
230 2364 339 2438 aliquis
368 2365 486 2439 dixerit,
515 2365 595 2440 quod
617 2385 688 2439 rem,
713 2384 802 2439 quam
826 2365 935 2440 aliquis
958 2366 1025 2424 vult
1047 2366 1090 2423 in-

75 2453 195 2527 venire,
218 2453 363 2529 ignorint,
387 2473 425 2511 an
452 2454 492 2512 sit
514 2453 640 2512 inveniri
668 2453 808 2529 possibile
831 2454 879 2512 vel
907 2473 979 2530 non3
1012 2455 1091 2513 sicut
1105 2466 1131 2506 25

75 2543 104 2601 si
135 2541 244 2616 aliquis
272 2543 364 2600 vellet
391 2542 522 2600 invenire
546 2542 748 2618 quantitatem
776 2543 942 2616 superficiei
965 2544 1091 2603 alicuius

73 2631 184 2690 circuli
206 2629 277 2688 dati.
1095 2638 1096 2643 ’

153 2770 176 2817 1.
192 2764 268 2818 fines.
283 2796 317 2803 -
335 2763 472 2844 tribuunt.
492 2797 526 2804 -
546 2770 569 2818 7.
583 2764 695 2834 poterit.
717 2797 750 2804 -
769 2771 794 2819 8.
810 2767 995 2846 exequantur]
1010 2768 1090 2818 extra

74 2838 186 2889 centur.
207 2867 239 2874 —
261 2841 301 2889 17.
322 2837 364 2887 est
382 2839 498 2889 mventa
517 2838 567 2889 est.
587 2869 621 2876 -
642 2842 682 2890 18.
705 2853 745 2890 ea.
767 2869 798 2875 -
828 2839 1088 2890 22.1nventronem.

152 2961 177 3028 1)
192 2959 307 3027 Dubit0,
322 2976 359 3012 an
372 2976 440 3028 opas
454 2959 511 3013 sint
524 2960 668 3028 postulata
683 2963 711 3014 θῖ
726 2960 876 3028 axiomata,
892 2963 924 3013 ut
935 2960 1087 3012 Hmauaero

74 3030 218 3098 videntur,
237 3047 303 3083 nam
322 3047 390 3099 opas
409 3031 483 3100 apud
498 3031 658 3099 Axamrruu,
678 3034 710 3085 ut
735 3033 835 3100 postea
854 3031 1004 3098 videbitur,
1025 3047 1089 3083 con-

73 3101 249 3156 structiones
269 3100 419 3155 auxiliares
438 3101 468 3154 in
488 3102 725 3156 demonstratione
745 3101 890 3155 adhibitae
911 3101 1088 3156 definiuntur.

151 3176 178 3242 2)
196 3172 301 3241 Figura
320 3173 396 3242 apud
409 3173 517 3227 Arabes
534 3190 661 3241 quaeque
675 3173 869 3242 paragraphus
885 3171 996 3240 dicitur,
1016 3190 1088 3239 quae

74 3245 169 3314 figura
188 3247 287 3297 ornata
306 3247 356 3298 est.
390 3244 472 3298 Tales
492 3261 514 3298 e.
531 3262 552 3299 o.
572 3245 676 3312 figuras
695 3244 768 3297 liber
785 3243 890 3312 primus
909 3244 1038 3297 Eucmnrs
1058 3243 1089 3296 in

72 3314 231 3369 traditione
246 3315 360 3368 arabica
374 3322 408 3369 47
424 3315 556 3370 continet.
586 3316 707 3371 Sciratae
720 3315 797 3368 idern
810 3315 893 3383 valet,
913 3315 988 3382 quod
1003 3332 1088 3383 supra

73 3388 196 3442 theorice
213 3385 386 3455 nominatur,
414 3386 445 3439 id
464 3389 507 3440 est
525 3389 669 3455 theorema,
698 3388 819 3456 operatio
841 3389 884 3439 est
902 3385 987 3452 illud,
1012 3386 1089 3452 quod
1152 3402 1158 3405 ’

72 3473 164 3527 supra
178 3459 303 3526 practica
322 3457 433 3527 dicitur,
452 3457 482 3510 id
501 3460 544 3511 est
559 3459 705 3526 problema.

150 3531 177 3598 3)
195 3527 323 3596 redempor.
353 3529 453 3583 Confer
471 3530 600 3583 Paocuuu
620 3536 679 3598 301,
699 3536 732 3583 25
744 3546 784 3597 sq.
