2408 3854
123 181 189 248 294
408 181 573 237 ANARITII
592 179 849 237 compendien

210 348 256 411 Sit
283 349 375 409 etiam
404 352 446 410 ab
469 350 541 411 duo:
569 350 634 411 dico
658 350 765 426 igitur,
794 350 873 426 quod
896 369 931 409 ex
952 350 1139 426 multiplica·

119 440 201 500 tione
224 438 393 500 medietatis
415 439 446 498 in
465 438 664 514 medietatem,
688 441 719 498 et
737 459 773 501 ex
790 439 1040 515 multiplicatione
1060 439 1138 514 eius,

123 528 204 604 quod
226 527 373 604 provenit,
396 528 427 589 in
449 531 570 589 eentum
592 528 746 605 oetogiuto
768 528 803 588 fit
826 528 1028 606 quedmginta
1047 529 1137 604 quin-

120 636 185 693 que.
235 616 303 677 Erit
330 635 401 694 ergo
432 635 474 691 ap
504 617 536 677 in
566 617 692 677 seeundo
721 636 770 676 ex-

93 706 217 782 templo
245 705 330 767 radix
353 705 715 783 quadragintaquinque,
740 709 769 765 et
806 697 819 736 ⁶
1117 700 1137 736 a

116 813 157 869 pe
193 794 250 854 erit
285 793 371 855 radix
404 814 522 870 novem,
559 795 700 872 quoniam
732 813 768 853 ex

118 883 368 959 multiplicatione
385 883 496 944 binarii
517 884 549 947 iu
566 883 717 945 binarium
736 886 766 942 et
1065 936 1066 940 ,

119 991 154 1034 ex
181 972 258 1048 eiua,
290 972 372 1052 quod
403 973 555 1048 provenit,
585 972 766 1048 multiplica-

117 1062 199 1121 tione
222 1061 254 1119 in
277 1061 477 1139 quadraginta
497 1061 628 1136 quinque
646 1061 681 1120 fit
699 1079 764 1121 oeu-

77 1162 104 1204 10
117 1152 182 1211 tum
209 1151 369 1227 octogiuta.
424 1150 465 1211 Et
498 1150 636 1210 similiter
662 1169 764 1226 super·
803 1187 901 1194 ι--ψ

117 1238 197 1298 fieies
220 1234 302 1318 (de)
330 1239 387 1300 erit
417 1238 545 1316 triginta
576 1257 634 1299 sex.
690 1237 765 1299 Oum
922 1197 942 1250 d
1116 1197 1134 1252 b

117 1347 187 1408 ergo
220 1328 416 1389 minuerimus
452 1346 559 1388 novem
594 1347 629 1387 ex
664 1327 865 1405 quadraginta
903 1327 1048 1404 quinque,
1087 1349 1134 1388 re·

115 1416 249 1479 manebit
277 1417 404 1495 triginta
435 1435 498 1492 seu,
531 1417 611 1492 quod
639 1420 684 1476 est
710 1416 880 1492 superficies
908 1417 1069 1493 quadrata,
1103 1422 1135 1478 et

116 1509 162 1567 est
189 1507 295 1582 quater
323 1506 426 1582 quinte
454 1505 656 1584 quadseginta
683 1506 830 1582 quinque,
858 1509 888 1565 et
912 1524 952 1582 pe
978 1510 1023 1567 eet
1045 1507 1134 1567 radix

76 1605 102 1648 1⁶
117 1614 232 1657 novem.

204 1683 252 1744 Sit
282 1684 374 1745 etiam
402 1685 444 1743 ab
465 1686 540 1744 trem
563 1682 629 1743 dieo
651 1683 758 1759 igitur,
784 1682 865 1758 quod
888 1703 923 1742 ex
945 1683 1133 1759 multiplice·

114 1773 196 1833 tione
219 1773 310 1833 tereie
333 1773 365 1831 iu
388 1772 512 1832 terciam
538 1775 569 1832 et
592 1791 628 1830 ex
651 1771 728 1846 eius,
752 1772 833 1847 quod
850 1772 1003 1848 provenit,
1026 1773 1132 1833 multi·

113 1861 276 1936 plicatione
299 1860 331 1918 in
354 1862 473 1918 eentum
496 1861 649 1938 octoginta
671 1860 707 1918 fit
728 1861 846 1938 viginti.
883 1861 950 1921 Erit
972 1860 1069 1939 igitur
1087 1880 1132 1936 ap

114 1950 199 2011 radix
221 1949 341 2027 viginti,
364 1951 394 2007 et
410 1967 450 2022 pe
469 1947 554 2011 radix
573 1952 710 2024 quatuor.
748 1948 825 2011 Cum
843 1967 913 2027 ergo
932 1949 1130 2010 minuerimus

74 2050 101 2092 2⁰
116 2041 248 2114 quatuor
275 2057 310 2096 ex
336 2037 460 2115 viginti,
481 2038 658 2113 remanebit,
687 2039 849 2100 seeundum
871 2040 951 2114 quod
972 2035 1131 2118 (dietum)

114 2129 171 2203 eet,
200 2126 371 2203 superficies
399 2126 560 2203 quadrata,
588 2130 618 2187 et
645 2130 692 2186 est
718 2130 825 2203 quater
852 2128 984 2203 quinque
1009 2129 1130 2206 viginti.

203 2216 244 2277 Et
275 2217 414 2278 similiter
445 2235 512 2277 eum
538 2215 725 2292 posuerimus
755 2218 797 2278 ab
825 2218 968 2292 quatuor,
1001 2217 1060 2277 erit
1086 2236 1130 2292 ap

113 2298 199 2365 nediu
226 2305 364 2366 undecim
387 2309 417 2366 et
440 2307 560 2380 quarte,
589 2307 619 2365 et
642 2323 679 2379 ep
700 2304 786 2367 radix
809 2304 935 2367 duorum
958 2308 988 2366 ot
1011 2309 1128 2380 quarte.

113 2392 325 2470 Propertiones
362 2397 464 2454 autem
498 2397 530 2454 et
560 2393 747 2469 quantitates
777 2398 932 2455 remanent
963 2395 1129 2455 seeundum

73 2493 100 2536 πᾶ
114 2498 215 2544 aarum
242 2483 461 2559 habitudinem,
490 2485 521 2543 et
547 2502 642 2558 neque
669 2482 861 2558 minuuntur,
888 2501 983 2558 neque
1006 2502 1128 2557 permu-

112 2575 224 2633 tentur.
274 2572 339 2633 Iam
366 2591 436 2651 ergo
464 2571 598 2647 quelibet
624 2572 733 2631 herum
759 2571 971 2632 habitudinum
998 2572 1031 2630 in
1060 2573 1127 2632 loeo

112 2661 209 2736 primo
243 2661 427 2722 habitudinis
459 2660 598 2738 erigitur,
629 2660 745 2721 numeri
776 2679 847 2720 vero
879 2660 1127 2720 diversificantur.

114 2748 172 2810 Sed
207 2750 413 2825 proportiones
451 2752 482 2811 et
515 2767 629 2810 summe
665 2752 787 2809 manent
823 2749 985 2809 seeundum
1022 2769 1128 2810 earum

112 2837 324 2901 habitudinem.
369 2838 467 2899 Huius
489 2857 559 2898 vero
583 2856 674 2899 eausa
697 2841 750 2913 est,
776 2838 927 2914 quoniam,
950 2857 1018 2898 eum
1040 2840 1127 2914 poni-

72 2940 100 2982 ω
112 2945 179 2989 mue
202 2927 313 2989 liuemn
335 2928 404 3005 duo,
428 2930 458 2987 et
475 2927 711 3002 multiplicamus
730 2945 796 2987 eam
813 2927 845 2987 in
864 2927 932 3002 duo,
949 2928 1128 3002 provenient

113 3019 257 3093 quatuor,
289 3037 379 3095 quem
409 3020 515 3093 postea
545 3016 779 3093 multiplicamus
810 3016 842 3075 in
870 3035 1040 3090 numerum,
1072 3018 1127 3075 aut

112 3106 348 3184 multiplicamus
372 3107 432 3167 duo
455 3106 487 3164 in
509 3104 583 3181 duo,
605 3104 723 3180 deinde,
747 3105 827 3180 quod
849 3105 1002 3180 provenit,
1023 3105 1126 3164 multi·

111 3195 258 3270 plicamus
280 3196 313 3255 iu
330 3214 531 3269 numerumn
515 3197 545 3255 et
563 3193 718 3270 proveniet
736 3192 931 3269 superficialis
949 3192 1127 3269 quadratus

183 3353 208 3403 2
227 3345 389 3403 medietatis
404 3348 433 3400 et
446 3344 616 3402 medietatis
635 3350 731 3399 -.1a
752 3343 911 3412 superficies
944 3344 1125 3424 padraginta.

112 3451 147 3460 —
162 3425 203 3472 14.
219 3419 393 3486 quatuora-
403 3423 444 3472 17.
460 3416 532 3488 eius]
547 3432 634 3471 eo.-
643 3415 772 3485 provenit
786 3432 820 3469 ex
833 3413 955 3483 multip'
959 3414 1126 3470 satione-

106 3496 150 3546 21.
171 3491 358 3560 quatuorae-
323 3493 420 3545 -.80
439 3417 618 3560 provenient]
635 3486 819 3557 probant.-
785 3492 881 3540 -32,
900 3487 1044 3560 provenit]
1061 3504 1126 3557 pro-

95 3559 236 3616 bant-
256 3568 301 3621 33.
320 3561 488 3638 proveniet]
506 3560 641 3633 probant
