2408 3848
112 160 178 225 386
221 158 388 214 ANARITII
406 155 661 214 COMMENTARII
679 155 729 209 AD
748 153 934 210 EUCLIDEM
952 153 1022 207 LIB.
1037 153 1071 209 X.

108 328 269 389 secundum
304 329 359 403 cb,
396 329 425 386 et
457 328 498 387 ab
531 327 576 385 est
606 324 755 399 medialis3
792 325 823 382 et
854 342 924 382 cum
955 322 1126 400 superficies

109 418 225 493 equalis
249 416 395 493 quadrato
418 417 457 475 de
480 413 655 493 adiungitur
677 413 715 472 ad
737 414 849 471 lineam
871 429 914 486 cy
936 413 1127 487 rationalem,

108 507 143 565 fit
170 508 251 565 latus
280 507 343 565 eius
371 503 531 564 secundum
558 504 613 578 bd,
640 502 801 562 secundum
828 500 909 577 quod
932 500 1127 576 ostendimus,

110 599 140 653 et
163 597 205 654 bd
227 614 287 653 non
310 597 356 653 est
377 595 410 651 in
431 594 558 655 termino
582 593 623 651 ab
645 609 741 668 neque
763 591 796 648 in
818 591 881 650 eius
905 590 1020 650 ordine.

81 695 95 736 s
201 683 248 742 Sit
270 701 340 760 ergo
362 683 411 741 hic
434 701 476 757 ap
500 684 528 757 2,
552 683 581 740 et
603 682 645 740 ab
668 681 754 739 radix
775 678 885 738 radicis
907 681 936 737 3.
978 679 1127 755 Multipli-

110 771 183 831 cabo
205 774 309 847 itaque
334 773 352 829 2
380 772 413 829 in
437 773 465 850 2,
489 773 520 829 et
542 769 621 846 quod
643 769 781 847 provenit
803 768 835 826 in
853 769 884 843 4,
907 771 938 826 et
961 771 1051 828 erunt
1077 770 1126 829 16.

109 861 224 919 Deinde
251 860 459 937 multiplicabo
486 859 563 918 illud
589 860 621 916 in
650 861 684 935 3,
711 860 741 918 et
768 857 944 934 provenient
972 858 1025 916 48.
1074 857 1128 917 Est

262 1072 277 1100 α
384 1072 397 1100 ’¹
520 1077 525 1087 ’
547 1077 566 1116 ic
741 1068 763 1096 'a
999 1076 1051 1115 iaie

240 1132 289 1172 te
382 1132 428 1171 ·e
726 1129 772 1168 ·e
867 1128 904 1138 ··

252 1204 276 1241 n
394 1204 399 1214 ·
530 1203 553 1240 a
739 1201 743 1210 ·
881 1200 886 1210 ·
1015 1201 1039 1239 a

200 1274 282 1313 rrae
339 1285 352 1312 r
382 1274 420 1313 eei
524 1274 558 1312 ··e
682 1271 763 1310 raaces
824 1271 905 1310 rassae
959 1272 1044 1312 rasere

213 1345 266 1383 8192
364 1345 392 1384 aa
512 1345 527 1383 r
692 1342 758 1381 rarae
856 1342 883 1381 re
932 1285 936 1454 Ι
996 1343 1011 1381 3

111 1554 180 1613 ergo
209 1538 406 1614 aggregatum
432 1555 468 1596 ex
493 1535 616 1594 mediali
641 1535 675 1594 in
701 1535 879 1593 rationalem
904 1533 992 1594 radix
1014 1535 1129 1596 radicis

111 1625 166 1698 483
195 1627 240 1685 est
266 1627 368 1700 itaque
396 1625 482 1685 radix
504 1623 682 1702 superficiei,
709 1642 767 1700 que
790 1624 958 1684 continetur
981 1641 1001 1683 a
1023 1625 1128 1685 radice

72 1727 98 1766 10
111 1713 219 1772 radicis
242 1715 294 1774 48.
338 1714 412 1774 Post
433 1715 488 1774 hoc
510 1712 716 1789 multiplicabo
741 1715 759 1770 2
783 1713 816 1770 in
840 1714 872 1788 2,
901 1714 931 1771 et
954 1711 1037 1788 quod
1058 1733 1130 1790 pro·

111 1802 206 1877 venit,
228 1803 260 1860 in
284 1804 317 1878 4,
341 1807 372 1862 et
394 1802 473 1878 quod
497 1821 532 1861 ex
554 1803 608 1862 hoc
632 1800 845 1880 aggregabitur
866 1802 899 1859 in
924 1801 979 1876 16,
1003 1804 1035 1860 et
1058 1822 1133 1878 pro<

111 1892 232 1950 venient
256 1891 327 1949 256.
372 1891 486 1950 Deinde
508 1891 714 1968 multiplicabo
737 1889 814 1948 illud
834 1891 868 1949 in
890 1890 984 1951 lineas
1009 1891 1129 1968 surdae,

112 1982 142 2037 et
178 1981 223 2037 est
253 1978 338 2037 radix
368 1980 477 2039 radicis
507 1979 590 2040 illius
622 1979 719 2042 surda.
774 1979 816 2038 Et
846 1977 983 2040 similiter
1016 1980 1132 2041 faciam

113 2085 228 2142 semper
258 2085 352 2143 usque
382 2069 416 2126 in
445 2066 608 2144 infinitum3
641 2071 672 2128 et
702 2069 779 2129 illud
810 2071 868 2146 est,
895 2067 976 2145 quod
1003 2067 1130 2131 demon·

73 2167 99 2208 15
114 2158 207 2215 strare
231 2156 388 2218 voluimus.

179 2317 310 2390 Explicit
330 2316 504 2378 Axmmus
526 2335 614 2392 seper
637 2318 671 2376 X
685 2319 799 2392 primos
821 2318 910 2378 libros
932 2316 1100 2379 Eurinus.

184 2505 222 2558 Ia
239 2505 336 2576 ftpwric
353 2505 479 2575 Mscptm.
497 2505 576 2560 habet
592 2508 662 2559 8292
681 2511 706 2560 et
723 2510 811 2559 20244
830 2505 887 2562 loco
900 2509 970 2560 8192
989 2510 1016 2562 et
1032 2511 1131 2564 12288.
