2408 3848
391 163 441 216 AD
460 161 644 216 EUCLIDEM
661 160 729 214 ΜΒ.
744 161 777 214 X.
806 163 812 182 ¹
841 178 842 181 ’
1016 157 1083 222 309

73 331 152 405 quod
176 335 220 390 est
244 331 401 405 sexdecim,
428 333 459 388 in
483 329 662 406 quadratum
685 332 715 406 b,
742 330 822 406 quod
847 334 891 390 est
914 330 1081 389 duodecim:

74 419 108 477 fit
137 439 206 496 ergo
223 439 270 478 ex
298 419 339 477 eis
368 423 488 477 eentum
515 422 545 476 et
571 418 735 496 nonaginta
762 420 834 494 duo,
861 419 968 478 radicis
996 420 1081 478 euius

73 509 157 567 radix
186 512 230 566 est
256 509 336 566 linea
360 527 387 582 9.
437 507 551 566 Deinde
577 507 783 584 multiplicabo
811 509 920 567 lineam
948 510 964 567 b
987 511 1018 566 in
1042 528 1082 584 se,

74 618 132 672 que
156 601 201 656 est
223 597 307 655 radix
326 597 491 671 duodecim,
514 600 544 654 et
561 598 699 672 provenit
717 616 786 674 ergo
805 597 968 674 duodecim,
993 618 1082 674 quem

75 687 207 744 dividam
239 706 292 761 per
319 685 449 743 radicem
475 685 583 744 radicis
616 689 734 743 centum
767 690 797 744 et
824 688 986 764 nonaginta
1013 687 1081 762 duo,
1109 689 1121 728 ⁵

353 856 370 891 a
814 840 829 892 l)

304 954 422 1016 quatuor
657 908 660 943 Ι
748 945 832 998 radic
850 949 886 1000 12
981 910 984 946 Ι

559 1103 578 1156 c

390 1159 395 1195 ¹
430 1195 514 1248 raca
531 1194 636 1248 raeces
653 1197 707 1248 roe
745 1159 749 1195 ¹

520 1338 539 1390 a

391 1408 482 1498 'rara
490 1445 593 1498 recrea
601 1407 667 1498 103¹

75 1613 132 1668 que
161 1598 206 1654 est
233 1594 312 1652 linea
325 1613 369 1669 19,
393 1594 448 1652 hoo
472 1597 529 1669 est,
553 1593 633 1668 quod
655 1592 852 1667 multiplicem
876 1592 1031 1652 duodecim
1053 1593 1084 1651 in

75 1702 114 1756 se,
137 1683 292 1758 proveniet
316 1685 433 1741 centum
458 1686 489 1741 et
511 1681 710 1759 quadraginta
734 1684 872 1757 quatuor,
896 1700 985 1757 quem
1003 1682 1034 1740 in
1054 1701 1084 1741 se

75 1772 291 1848 multiplicab0,
315 1775 345 1829 et
362 1769 543 1848 proueniunt
565 1771 672 1848 viginti
691 1771 775 1829 milia
798 1771 829 1828 et
852 1771 1032 1848 septingenti
1056 1774 1086 1829 et

74 1861 199 1936 triginta
223 1880 281 1935 ser,
306 1880 394 1936 quem
417 1861 549 1919 dividam
571 1880 624 1936 per
647 1863 764 1918 eentum
786 1861 815 1918 et
833 1860 997 1936 nonaginta
1016 1859 1084 1934 duo,

75 1953 104 2006 et
127 1950 282 2023 proveniet
304 1952 424 2008 centum
447 1953 477 2008 et
500 1953 577 2024 octo,
599 1949 683 2008 euius
706 1948 791 2007 radix
814 1948 921 2006 radicis
941 1952 986 2008 est
1003 1948 1083 2006 linea
1098 1965 1123 2004 ιο

76 2039 108 2093 d:
132 2037 197 2095 dico
220 2038 322 2114 igitur,
345 2037 426 2112 quod
450 2038 507 2094 due
530 2039 607 2095 linee
628 2056 647 2111 9
671 2041 700 2094 et
723 2039 742 2096 cl
766 2040 844 2111 sunt,
868 2038 971 2112 quales
989 2038 1085 2096 volui·

77 2144 152 2199 mus,
173 2126 251 2200 quod
270 2125 311 2184 sio
331 2125 556 2184 demonstratur.
595 2124 671 2194 Quia
690 2127 768 2183 enim
787 2145 806 2184 a
826 2128 855 2183 et
874 2127 890 2183 b
907 2126 1087 2202 inpotentia

75 2216 192 2271 tantum
220 2218 291 2272 sunt
317 2214 479 2272 rationales
508 2217 538 2272 et
566 2215 831 2288 communicantes,
856 2233 926 2290 ergo
950 2214 1030 2290 quod
1052 2214 1087 2272 fit

79 2322 113 2359 er
141 2322 160 2360 a
187 2303 218 2360 in
246 2304 263 2361 b
291 2306 336 2362 est
362 2302 497 2360 mediale.
543 2301 600 2359 Sed
623 2303 721 2377 ipsum
744 2305 789 2360 est
812 2302 917 2377 equale
941 2303 1087 2377 quadrato

75 2411 107 2466 9,
132 2410 202 2468 ergo
226 2391 407 2469 quadratum
427 2410 447 2464 9
470 2394 515 2450 est
537 2389 672 2448 mediale.
714 2389 772 2447 Sed
791 2409 811 2463 9
829 2393 875 2449 est
892 2391 1036 2466 medialis,
1059 2394 1128 2450 et15

74 2500 94 2553 9
118 2483 148 2537 et
172 2481 189 2538 b
214 2483 244 2538 et
266 2482 286 2540 d
309 2483 379 2539 sunt
400 2479 647 2555 proportionales,
662 2474 784 2555 <ergo>
802 2479 956 2554 proportio
976 2499 996 2554 9
1014 2479 1088 2539 adb

76 2569 133 2627 erit
161 2569 240 2628 sieut
268 2569 422 2645 proportio
450 2569 467 2626 b
496 2568 534 2626 ad
556 2569 583 2626 d.
628 2567 786 2643 Proportio
810 2587 879 2627 vero
901 2587 920 2642 9
943 2569 981 2627 ad
1004 2570 1020 2628 b
1044 2572 1089 2628 est

74 2660 153 2728 sicut
181 2657 335 2734 proportio
368 2676 387 2716 a
418 2657 456 2714 ad
481 2676 513 2732 9,
547 2659 577 2715 et
603 2655 756 2732 proportio
785 2675 804 2714 a
831 2656 870 2714 ad
894 2676 913 2731 9
942 2661 986 2716 est
1012 2659 1089 2716 siout
1148 2710 1150 2714 .

74 2748 229 2823 proportio
258 2748 274 2805 b
303 2746 341 2804 ad
369 2747 397 2804 d.
444 2745 518 2805 Cum
542 2763 612 2824 ergo
634 2745 917 2821 permutaverimus,
943 2748 999 2804 erit
1021 2765 1088 2824 pro-

74 2837 174 2912 portio
199 2855 218 2894 a
242 2835 280 2892 ad
303 2837 319 2893 b
345 2835 421 2894 siout
441 2834 594 2911 proportio
611 2853 631 2908 9
650 2833 688 2892 ad
706 2835 734 2893 d.
776 2832 834 2891 Sed
853 2853 871 2893 a
891 2837 1128 2895 communicatae

76 2929 91 2983 b
117 2924 308 3001 inpotentia
332 2927 362 2982 et
384 2927 483 3000 potest
507 2942 597 2999 supra
621 2927 686 2981 eam
709 2922 872 2981 secundum
895 2928 1089 3001 augmentum

76 3014 217 3089 quadrati
240 3014 326 3087 linee,
350 3014 399 3071 oui
422 3013 621 3072 communicat
641 3030 661 3086 9
683 3013 715 3069 in
737 3012 933 3088 longitudine,
957 3017 987 3072 et
1006 3033 1026 3087 9
1045 3016 1090 3071 est

75 3103 227 3162 medialis:
251 3121 322 3179 ergo
346 3104 365 3160 d
388 3105 433 3161 est
455 3101 599 3159 medialis.
641 3101 681 3158 Et
705 3101 795 3158 etiam
812 3104 879 3174 9et
898 3104 914 3160 l>
934 3105 964 3159 et
982 3104 1001 3161 d
1020 3104 1090 3160 sunt

74 3192 326 3267 proportionales,
358 3210 428 3266 ergo
458 3189 640 3264 superficies,
670 3208 729 3264 que
758 3189 793 3247 fit
823 3209 858 3247 er
885 3209 905 3263 9
934 3191 964 3247 in
995 3193 1014 3248 d
1045 3193 1090 3248 est

76 3281 191 3354 equalis
210 3279 358 3356 quadrato
378 3281 403 3337 b.
445 3278 629 3348 Quadratum
647 3296 717 3336 vero
737 3279 753 3336 b
773 3281 818 3337 est
835 3279 995 3337 rationale:
1019 3297 1088 3355 ergo
1104 3292 1129 3332 25

119 3515 120 3519 ἵ
145 3454 169 3502 8.
189 3447 280 3520 milia]
294 3447 454 3503 rationalia.
469 3479 504 3489 —-
519 3446 707 3518 septuaginta.
722 3479 757 3487 -
778 3452 890 3501 16-17.
905 3446 1088 3521 proportione

72 3539 90 3590 9
109 3519 145 3572 ad
165 3520 180 3573 b
199 3519 253 3572 erit
271 3537 284 3574 e
303 3519 383 3574 sient.
403 3551 436 3559 -
457 3525 498 3590 21.
519 3521 559 3575 bd
576 3519 614 3595 in.
634 3551 668 3559 -
688 3524 733 3574 Ἡ.
751 3518 808 3573 sed
825 3537 853 3590 9.
