2408 3848
403 154 453 208 AD
472 153 657 210 EUOLHJEM
675 154 741 210 LIB.
756 155 789 210 11.
1032 156 1094 219 107

79 324 204 384 batione
213 323 309 402 figure
318 325 409 383 tercie
419 324 513 399 prime
523 325 626 400 partis.
649 326 690 383 Et
705 325 777 399 quia
792 323 1096 400 quadrttumfactum

81 435 118 474 ex
127 414 254 488 lineaqb
264 415 309 472 est
318 414 424 489 equale
439 414 641 474 coniunctioni
655 414 783 472 duorum
799 413 1022 490 quadratorum,
1037 434 1095 489 que

80 504 161 562 fiunt
175 523 210 561 ex
224 502 368 561 lateribus
378 522 428 578 oy,
444 505 493 578 ab,
509 506 538 561 et
547 503 627 561 linea
634 505 679 577 yet
689 506 734 562 est
744 503 858 578 equalis
868 502 944 560 linee
952 521 1009 576 po:
1024 523 1095 581 ergo

79 593 163 652 latus
178 593 218 652 ab
238 593 283 651 est
300 591 398 651 maius
416 593 510 650 latere
531 593 579 652 bd.
616 592 757 651 Dividam
774 592 878 667 itaque
898 611 932 649 ex
950 591 1030 650 linea
1045 595 1094 668 ab,

431 682 511 758 quod
533 681 574 740 sit
596 682 702 757 equale
725 681 802 739 lineo
822 682 872 754 bd,
895 682 994 756 sitque
1015 681 1095 741 linea
1122 697 1135 736 s

430 773 476 846 be,
495 771 573 830 sicut
590 771 783 828 manifestum
802 771 900 828 estex
918 770 1094 846 probatione

429 859 524 937 figure
547 855 626 938 <30>
649 859 744 935 prime
766 858 875 934 partis:
903 859 968 919 dico
991 859 1093 937 igitur,

430 949 594 1024 quodiam
617 948 772 1007 divisimus
796 947 908 1006 lineam
935 950 976 1007 ab
1004 968 1094 1025 supra

430 1042 576 1114 punctum
603 1055 618 1096 c
648 1037 680 1094 in
712 1036 857 1096 sectiones
889 1037 979 1112 tales,
1013 1038 1094 1114 quod

430 1127 613 1203 superficies,
646 1145 704 1201 que
735 1126 905 1184 continetur
932 1145 950 1184 a
978 1126 1093 1186 duabus
1109 1143 1134 1182 ιο

429 1216 516 1274 lineis
548 1217 602 1288 ab,
631 1233 684 1289 uc,
721 1216 766 1273 est
798 1216 914 1290 equalis
946 1216 1094 1292 quadrato

428 1307 509 1365 facto
529 1324 564 1362 ex
582 1303 662 1362 linea
681 1304 724 1361 bc.
757 1302 898 1362 Probatio
913 1304 986 1378 eius,
1000 1325 1093 1380 quon-

428 1393 490 1452 iam
522 1393 704 1468 quadratum
735 1392 850 1450 factum
882 1413 917 1450 ex
948 1394 1027 1452 linea
1052 1396 1094 1469 qb

429 1485 474 1541 est
501 1483 607 1557 equale
636 1480 838 1540 coniunctioni
865 1482 993 1540 duorum
1021 1503 1093 1558 qua·

429 1572 591 1646 dratomm‚
606 1590 665 1648 que
678 1569 757 1628 fiunt
771 1590 806 1628 ex
824 1570 937 1630 duabus
957 1573 1092 1631 sectioni·
1108 1585 1133 1626 15

428 1659 482 1718 bus
499 1662 551 1735 qd,
571 1662 621 1734 db,
644 1678 711 1717 cum
729 1660 819 1735 duplo
839 1659 1012 1735 superficiei,
1036 1681 1093 1736 que

78 1751 250 1811 continetur
277 1769 295 1808 a
323 1749 439 1808 duabus
466 1749 553 1807 lineis
573 1751 626 1824 qd,
649 1750 699 1824 db,
722 1750 802 1825 quod
824 1752 941 1808 constat
964 1769 999 1808 ex
1026 1770 1093 1826 pro·

78 1840 202 1899 batione
215 1840 309 1917 figure
320 1842 352 1898 4⁰
361 1839 449 1897 huius
463 1838 567 1914 partis.
591 1837 704 1896 Verum
713 1839 874 1897 seeundum
887 1839 1094 1914 probationem

77 1930 175 2008 figure
194 1931 250 1987 46θ
272 1929 367 2005 prime
389 1928 484 2004 partis
505 1927 684 2002 quadratum
702 1928 815 1985 factum
834 1947 870 1985 ex
887 1928 967 1986 linea
984 1930 1025 2002 pb
1049 1931 1095 1988 est

77 2019 187 2095 equale
214 2017 420 2078 coniunctioni
441 2017 569 2075 duorum
601 2016 830 2092 quadratorum,
862 2037 919 2092 que
950 2017 1027 2075 fiunt
1059 2037 1094 2076 ex
1108 2031 1135 2070 ao

77 2107 195 2166 duabus
213 2107 299 2165 lineis
319 2126 369 2182 oq,
393 2108 442 2166 ab.
485 2105 543 2164 Sed
565 2105 627 2164 iam
645 2105 799 2164 divisimus
821 2107 865 2178 qd
884 2107 1020 2182 equalem
1043 2125 1092 2182 aq,

77 2200 111 2256 et
143 2196 296 2255 divisimus
329 2198 366 2254 be
398 2195 535 2270 equalem
567 2196 621 2270 bd,
654 2212 723 2271 ergo
762 2194 929 2253 coniunctio
967 2196 1094 2255 duorum

78 2285 307 2360 quadratorum,
341 2304 398 2360 quo
429 2283 506 2341 fiunt
537 2302 572 2340 ex
604 2283 718 2341 duabus
750 2282 836 2340 lineis
862 2303 914 2359 pu,
944 2287 997 2360 ab,
1026 2279 1094 2362 <est

78 2373 198 2449 equalis
212 2373 304 2449 duplo
320 2373 495 2449 superficiei,
515 2391 572 2446 que
591 2371 762 2430 continetur
780 2390 798 2430 a
812 2371 927 2431 duabus
941 2374 1028 2433 lineis
1044 2392 1093 2450 aq,

77 2465 129 2540 bc,
162 2465 192 2520 et
223 2460 426 2521 coniunctioni
456 2461 581 2520 duorum
608 2460 834 2536 quadratorum,
868 2481 925 2536 que
953 2462 1030 2521 fiunt
1058 2482 1094 2521 ex
1108 2473 1133 2514 25

76 2549 193 2610 duabus
216 2551 304 2610 lineis
328 2553 378 2625 bd,
401 2545 474 2628 ay.)
521 2549 595 2608 Oum
617 2569 688 2626 ergo
706 2550 923 2609 removebimus
942 2546 1093 2627 <quadra-

74 2634 164 2717 tum>
196 2658 239 2713 aq
270 2658 438 2713 commune,
467 2637 632 2697 remanebit
664 2638 788 2713 duplum
820 2639 998 2717 superficiei,
1036 2659 1093 2716 que

75 2727 248 2788 continetur
262 2747 279 2786 a
293 2729 380 2786 lineis
400 2747 449 2802 ay,
464 2729 509 2802 bc,
528 2747 596 2786 cum
610 2727 758 2802 quadrato
777 2727 857 2786 facto
872 2747 907 2786 ex
920 2723 1043 2808 <linea>
1057 2731 1093 2788 eb

74 2817 184 2894 equale
212 2817 360 2893 quadrato
387 2819 467 2875 facto
496 2836 530 2875 ex
562 2817 641 2874 linea
670 2818 719 2875 ab.
772 2816 813 2875 Et
841 2817 912 2892 quia
939 2818 1019 2877 linea
1052 2820 1093 2878 ab

75 2911 122 2968 est
146 2906 238 2982 dupla
260 2906 337 2965 linee
356 2925 406 2982 oq,
430 2905 488 2964 erit
506 2906 632 2981 duplum
649 2904 823 2981 superficiei,
848 2925 906 2982 que
925 2909 1094 2967 continetur
1108 2922 1134 2960 30

74 3017 94 3056 a
117 2996 206 3055 lineis
227 3014 280 3070 qa,
300 2997 344 3071 cb,
368 2995 472 3071 equale
497 2994 668 3070 superficiei,
693 3014 750 3070 que
773 2996 942 3054 continetur
965 3017 983 3055 a
1006 2997 1092 3056 lineis

75 3087 128 3161 ab,
153 3087 198 3160 bc,
222 3087 252 3142 et
274 3084 330 3144 hoc
352 3084 513 3143 secundum
535 3082 741 3158 probationem
763 3084 859 3162 figure
882 3086 976 3160 prime
1004 3087 1093 3144 huius

73 3173 181 3250 partis.
227 3173 308 3250 Ergo
332 3173 515 3250 superficies,
544 3190 601 3246 que
625 3172 794 3232 continetur
822 3175 949 3233 alineis
973 3176 1023 3250 ab,
1048 3177 1093 3248 be,

73 3281 146 3321 oum
178 3263 324 3337 quadrato
357 3264 436 3321 facto
471 3281 506 3319 ex
537 3261 617 3318 linea
633 3305 635 3309 >
650 3262 686 3319 bc
718 3266 762 3321 est
794 3263 910 3339 equalis
944 3264 1092 3339 quadrato

73 3352 157 3410 facto
181 3370 218 3410 ex
240 3351 319 3409 linea
342 3353 391 3410 ab.
444 3350 502 3409 Sed
525 3349 688 3408 secundum
709 3352 916 3425 probationem
938 3352 1034 3431 figure
1060 3355 1092 3411 3θ
1106 3365 1132 3405 85

82 1624 109 1674 y
354 1627 378 1662 a

148 3545 191 3594 26.
211 3537 280 3594 Cum
299 3555 365 3609 ergo
384 3538 562 3593 nominamus
582 3555 622 3610 oy
642 3535 668 3591 ei
687 3552 875 3595 communem.
