2408 3848
382 159 432 212 AD
450 157 636 213 EUOLIDEM
652 158 720 212 LLB.
736 157 781 212 VI.
1022 155 1086 220 183

71 330 113 388 ad
133 347 180 404 qe,
204 348 260 404 que
284 330 329 386 est
352 327 464 402 quinta,
488 328 552 402 erit,
575 328 653 402 quod
671 329 879 405 congregatur,
902 325 1028 399 decima;
1057 328 1087 382 et
1132 379 1137 389 ,

72 419 150 476 illud
172 420 225 492 cst,
249 417 329 492 quod
352 416 553 475 demonstrare
576 417 731 475 voluimus.

164 505 261 575 Quod
298 506 478 580 sequitur,
516 505 713 564 addendum
755 505 873 583 figure
915 506 1085 564 vicesima

74 599 172 654 sexte
196 595 300 653 huius
323 587 478 671 partis.¹)

164 684 210 742 Sit
231 685 333 759 itaque
355 683 442 742 huius
464 683 558 759 figure
578 685 743 758 exemplum
761 684 921 742 secundum
939 701 1084 741 numeros
1112 706 1126 746 5

73 773 188 832 Ponam
211 792 281 851 ergo
305 772 488 848 superficiem
514 772 658 848 trianguli
681 775 745 847 obp
771 773 925 850 sexaginta
949 775 1085 848 quatuor,

74 2111 107 2165 et
134 2107 229 2165 basim
257 2107 319 2166 eius
342 2109 381 2181 bg
409 2109 483 2164 octo,
539 2104 613 2164 (lum
640 2125 710 2182 ergo
738 2107 957 2164 adiunxerimus
985 2107 1024 2166 ad
1047 2109 1088 2182 bg

74 2196 260 2270 superficiem
281 2198 428 2254 rectorum
451 2196 627 2272 angulorum
650 2195 786 2270 equalem
808 2193 973 2269 superficiei
993 2195 1086 2255 trian-

75 2285 139 2362 guli
158 2287 230 2360 aby,
254 2285 310 2342 erit
328 2284 406 2343 latus
425 2284 488 2342 eius
507 2284 674 2359 secundum,
694 2284 772 2359 quod
791 2286 836 2341 cst
850 2302 899 2359 pe,
923 2288 988 2343 octo
1007 2285 1085 2344 cubi-

74 2377 182 2447 torum,
197 2373 254 2431 erit
268 2391 337 2449 ergo
351 2374 663 2450 parallelogrammum
672 2374 732 2447 bqe
742 2373 945 2449 equilaterum.
972 2373 1086 2432 Ponam
1101 2397 1127 2434 ro

75 2465 177 2521 autem
194 2462 321 2540 figuram
339 2461 430 2520 aliam
448 2456 517 2540 <d>,
541 2460 622 2520 cuius
641 2464 706 2519 tota
724 2461 892 2537 superficies
911 2462 951 2520 sit
968 2465 1086 2520 eentum

74 2551 276 2628 quadraginta
299 2553 427 2626 quatuor
449 2551 621 2609 cubitorum.
673 2549 747 2609 (lum
774 2569 844 2628 ergo
867 2550 1086 2610 adiunxerimus

75 2650 142 2698 eam
161 2641 199 2697 ad
220 2657 267 2714 pe,
292 2639 349 2697 erit
371 2640 449 2699 latus
473 2639 536 2698 eius
559 2640 726 2715 secundum,
750 2639 830 2716 quod
852 2642 897 2697 est
912 2640 963 2714 ple,
986 2640 1086 2698 decem

76 2732 106 2787 et
134 2733 200 2787 octo
227 2749 262 2787 ex
288 2729 426 2787 numeris.
477 2728 508 2786 Si
536 2730 628 2805 igitur
654 2728 885 2804 protraxerimus
911 2728 989 2786 inter
1012 2730 1085 2788 duas

74 2819 169 2876 lineas
193 2819 233 2892 bp
261 2820 290 2875 et
315 2820 357 2891 ple
379 2819 490 2875 lineam
516 2817 640 2876 terciam
667 2818 708 2877 eis
735 2817 999 2893 proportionalem,
1027 2837 1084 2894 que
1100 2839 1125 2879 15

74 2907 116 2965 sit
138 2907 216 2964 inter
239 2925 297 2981 eas,
321 2910 351 2965 et
373 2907 412 2965 sit
436 2909 511 2965 sicut
533 2906 612 2965 linea
635 2908 676 2981 tle,
700 2907 757 2964 erit
778 2906 857 2964 linea
876 2907 909 2964 tle
931 2907 1086 2966 duodecim

76 2997 249 3055 cubitorum.
310 2993 384 3053 Cum
420 3015 490 3074 ergo
526 2997 681 3054 fecerimus
718 3014 807 3071 supra
834 2997 867 3053 m
901 2996 1086 3073 triangulum

73 3086 203 3143 similem
229 3085 380 3160 triangulo
404 3086 480 3160 obp,
513 3086 570 3142 erit
601 3085 852 3161 perpendicularis
885 3085 946 3143 eius
976 3086 1085 3162 viginti

73 3177 204 3248 quatuor
230 3173 403 3231 cubitorum.
454 3173 539 3242 Quod
565 3174 634 3232 inde
662 3176 718 3250 est,
747 3174 817 3248 quia
843 3175 996 3249 proportio
1019 3194 1084 3252 per-

146 3330 170 3378 5.
189 3340 342 3378 numerum.
362 3359 395 3365 -
416 3331 457 3379 11.
477 3328 611 3379 centrum.
630 3357 664 3365 —
685 3330 726 3379 13.
747 3341 787 3379 ea.
808 3357 842 3364 —
863 3329 903 3378 15.
924 3324 991 3379 eius.

148 3471 173 3537 1)
196 3467 332 3520 Euomous
350 3468 397 3536 VI,
416 3474 449 3523 26
473 3467 514 3538 (id
533 3470 577 3522 est
595 3468 645 3535 VI,
665 3474 698 3521 25
722 3467 842 3522 Caurum
865 3469 894 3521 et
915 3466 1083 3536 Hammeum

73 3539 149 3593 Date
165 3539 318 3607 superficiei
335 3540 448 3593 similem
466 3541 569 3609 aliique
584 3541 721 3608 preposite
739 3540 859 3607 equalem
876 3538 1031 3606 designare.
