2408 3848
395 135 445 189 AD
464 134 648 190 EUOLIDEM
666 136 732 190 LIB.
747 136 767 190 1.
1043 133 1083 199 19

74 308 126 364 tur
159 304 245 380 quasi
275 304 379 382 figura.
434 304 504 364 Ideo
536 307 685 382 geometre
718 323 780 382 eas,
811 304 867 363 etsi
900 307 969 362 sunt
999 305 1084 380 lineo,

74 395 209 453 fecerunt
226 394 291 454 loco
309 393 411 470 figure,
435 412 501 451 cum
520 394 664 469 dixerunt,
684 394 763 469 quod
782 393 909 452 circulus
928 413 987 453 non
1006 397 1086 452 secat

76 483 221 542 circulum
244 483 301 541 nisi
324 483 356 540 in
379 481 492 540 duobus
511 483 638 558 punctis.
679 483 795 542 Nolunt
814 483 899 547 enim,
910 483 1085 559 intelligere,

76 591 144 632 cum
167 571 270 630 dicunt
293 571 443 647 circulum,
465 571 523 630 nisi
539 571 812 653 ,cnconferentiam
834 576 865 631 et
885 591 953 630 cum
971 574 1085 646 protra-

74 661 153 719 hunt
179 661 210 718 in
236 660 301 735 ipso
329 660 436 736 lineas,
464 663 494 718 et
521 665 635 735 ponunt
663 660 690 719 ei
718 664 865 736 centrum,
893 661 1008 718 faciunt
1032 660 1084 736 ita,
1112 673 1124 712 5

76 769 111 809 ac
135 750 160 807 si
183 752 261 808 esset
282 749 458 825 superficies.
503 748 632 825 Ideoque
655 749 775 808 videtur
796 749 881 825 mihi,
906 750 994 825 quod,
1018 768 1086 808 cum

75 839 236 898 Encmnns
260 837 401 896 diffinivit
422 837 533 896 lineam
555 841 667 897 rectam
690 842 720 897 et
739 839 874 915 figuram,
898 857 988 914 quam
1006 841 1085 897 recte

76 926 331 1003 comprehendunt
362 927 451 1001 lineo,
486 929 516 984 et
546 927 577 984 in
610 927 718 986 circulo
750 927 931 1002 pretermisit
958 926 1085 986 diffinire

75 1015 332 1076 circonferentiam
369 1019 399 1074 et
434 1015 575 1074 diffinivit
606 1015 734 1092 figuram
764 1016 936 1090 rotundam,
974 1017 1086 1075 scilicet

75 1105 234 1181 circulum,
262 1104 328 1162 ideo
355 1104 439 1180 fecit,
467 1106 503 1161 ut
530 1104 647 1180 doceat,
675 1105 756 1180 quod
782 1105 861 1164 linea
888 1105 1017 1164 rotunda
1040 1109 1085 1164 est
1099 1119 1125 1156 1⁰

75 1194 178 1270 aliquo
205 1193 292 1252 modo
319 1193 428 1269 figura,
456 1196 486 1251 et
509 1192 612 1268 etiam,
640 1193 712 1268 quia
740 1194 864 1253 circulus
890 1213 949 1252 non
971 1194 1006 1252 fit
1028 1193 1086 1253 nisi

74 1285 199 1359 propter
221 1285 337 1341 motum
359 1282 447 1358 linee,
471 1301 528 1358 que
551 1282 736 1357 protrahitur
760 1301 777 1340 a
800 1285 899 1341 centro
920 1283 958 1340 ad
976 1283 1085 1342 circon-

74 1371 234 1430 ferentiam
261 1390 329 1430 curn
354 1370 469 1429 finitate
497 1371 602 1446 centri,
636 1373 666 1428 et
693 1374 763 1429 tunc
790 1370 824 1429 fit
854 1371 1085 1430 circonferentia.

77 1461 159 1538 Ergo
186 1459 253 1535 ipsa
280 1479 340 1519 non
367 1459 401 1517 fit
429 1459 487 1518 nisi
515 1479 549 1518 eo
576 1459 677 1534 modo,
705 1479 764 1536 quo
791 1459 826 1518 fit
848 1459 1027 1535 superficies,
1056 1464 1086 1518 et

76 1568 139 1608 non
163 1549 198 1607 fit
221 1567 254 1608 eo
278 1548 378 1623 modo,
406 1568 465 1623 quo
488 1547 579 1622 linea3
608 1549 720 1607 scilicet
743 1548 815 1624 quia
838 1568 872 1607 ex
894 1548 974 1606 linea
996 1551 1125 1624 recta,16

76 1657 145 1696 cum
171 1637 238 1712 ipsa
265 1639 414 1712 movetur,
442 1656 495 1712 per
518 1656 549 1696 se
571 1637 709 1713 provenit
731 1637 907 1714 superficies⁷
934 1639 964 1695 et
987 1637 1085 1712 etiam,

76 1727 151 1803 quia
172 1726 252 1784 linea
275 1725 456 1801 circonfiexa,
480 1745 548 1784 cum
571 1727 698 1786 exterius
721 1727 811 1786 habet
828 1726 1038 1803 gibbositatem
1056 1729 1087 1784 et

74 1815 202 1874 interius
236 1814 464 1889 concavitatem,
496 1813 569 1872 facit
599 1815 773 1891 existimari,
806 1815 886 1892 quod
914 1815 953 1874 sit
980 1815 1085 1892 figura,

74 1905 148 1963 licet
170 1923 230 1962 non
251 1904 343 1962 habet
364 1903 563 1979 latitudinem,
586 1907 708 1980 propter
729 1905 792 1980 hoc,
817 1904 897 1980 quod
919 1904 1009 1962 habet
1026 1905 1085 1963 for·

76 2012 160 2052 mam
182 1993 217 2050 de
240 1992 312 2050 foris
336 1996 366 2051 et
388 1992 515 2051 formam
537 1992 625 2051 intus.
1099 2007 1124 2046 1ο

142 2081 282 2140 Preterea
314 2079 497 2156 querendum
530 2084 575 2140 est
606 2081 703 2156 nobis,
740 2100 831 2156 quare
864 2082 1022 2141 Encnrnas
1054 2083 1086 2140 in

74 2170 255 2230 diffinitione
284 2169 449 2246 figurarum
476 2170 611 2245 premisit
639 2170 783 2229 circulum
808 2170 925 2247 figuris,
959 2190 1086 2246 querum

74 2262 174 2318 latera
206 2261 275 2317 sunt
306 2260 401 2334 recta,
434 2260 464 2316 et
494 2258 527 2316 in
557 2259 658 2317 ordine
684 2259 859 2336 figurarum,
892 2278 959 2318 cum
986 2260 1020 2317 de
1048 2260 1084 2318 iis

74 2350 195 2409 locutus
224 2350 280 2422 est,
309 2347 444 2422 premisit
470 2346 594 2424 figuras,
623 2366 749 2423 quarum
775 2349 871 2406 latera
899 2351 969 2406 sunt
995 2352 1085 2423 recta,

74 2437 201 2498 circulis
243 2436 349 2494 Dicam
368 2455 437 2513 ergo
455 2435 592 2512 breviter,
616 2436 730 2495 scilicet
749 2436 829 2512 quod
846 2436 940 2514 figure
958 2437 1083 2496 rotunde
1099 2449 1123 2490 25

74 2526 204 2586 cariores
223 2527 292 2583 sunt
309 2524 422 2602 figuris,
447 2543 573 2599 quarum
591 2525 687 2583 latera
705 2528 776 2584 sunt
789 2527 878 2601 recta,
899 2528 928 2584 et
943 2526 1084 2602 oportuit,

76 2618 113 2674 ut
131 2613 343 2690 promittentur
360 2613 549 2688 probationes
567 2613 739 2690 figurarum,
759 2633 888 2689 quarum
905 2615 1001 2673 lutera
1015 2619 1085 2674 sunt

75 2706 167 2764 recta.
212 2703 253 2760 Et
276 2702 378 2777 etiam,
405 2702 430 2760 si
453 2702 560 2777 aliquis
584 2722 706 2778 querere
729 2703 825 2762 voluit
847 2721 967 2762 causam
989 2704 1084 2780 huius,

75 2793 182 2867 dicam,
206 2791 285 2867 quod
307 2791 433 2849 forsitan
456 2790 515 2848 ista
538 2795 591 2867 est,
615 2791 687 2866 quia
708 2791 815 2869 figure,
839 2810 966 2868 quarum
988 2793 1084 2851 latera

75 2884 148 2942 sunt
179 2883 273 2955 recta,
305 2879 400 2956 magis
428 2882 498 2937 note
525 2898 572 2938 res
599 2883 670 2938 sunt
697 2879 821 2940 circulis
873 2880 948 2940 Cum
975 2881 1084 2957 aliquis
1098 2897 1123 2935 rc

74 2970 201 3030 circulos
230 2968 330 3027 metiri
357 2968 499 3043 voluerit,
531 2987 590 3027 non
616 2969 727 3044 poterit
755 2988 803 3028 ecs
830 2989 999 3029 mensurare
1027 2971 1084 3030 nisi

75 3079 143 3119 cum
169 3057 273 3135 figuris
300 3054 473 3132 rectilineiS,
501 3056 567 3116 ideo
595 3058 674 3132 quod
700 3058 852 3134 proportio
879 3059 966 3118 unius
992 3059 1082 3118 circu·

74 3150 174 3209 lorum
197 3147 235 3206 ed
258 3146 387 3205 alterum
410 3148 455 3204 est
478 3145 554 3204 sicut
575 3147 728 3222 proportio
753 3147 893 3224 quadrati
915 3149 1003 3208 unius
1022 3149 1082 3206 dia-

73 3239 237 3296 metrorum
261 3235 411 3294 adalind

148 3369 334 3440 ,fecerunt]
353 3369 531 3423 fuerun.-
557 3369 711 3451 figura—
738 3371 1082 3494 &Nolunthvolunt-

76 3377 343 3569 15.e}stimari.—
369 3439 644 3495 1111111111.-
669 3446 709 3496 30.
732 3442 881 3496 Postnote

75 3531 91 3569 e
123 3521 154 3568 c¹¹
169 3529 185 3567 o

934 3449 996 3509 sept
1019 3441 1104 3492 11111

918 3600 960 3653 ³2*
