2408 3848
116 177 159 241 36
404 175 570 230 ANARITH
589 174 844 231 COMMENTARII
919 224 921 229 ,

113 346 207 405 sibile.
257 345 337 423 Ergo
365 345 421 403 due
453 348 532 404 recte
564 364 624 403 non
656 346 907 421 comprehendunt
934 344 1129 420 superficiem.

114 435 199 504 Quod
226 434 251 493 si
279 435 344 510 quis
372 434 490 511 dixerit,
524 453 609 494 arcus
637 453 696 492 non
728 437 773 493 est
805 435 920 509 equalis
952 433 1044 508 arcui,
1077 433 1131 493 sed

115 524 268 599 quantitas
296 525 384 583 adia
411 526 456 583 est
488 523 604 599 equalis
637 523 802 599 quantitati
834 525 931 599 uqbe,
963 523 1130 582 necessario

114 612 262 688 concedet,
286 612 366 688 quod
389 613 515 689 angulus
538 613 606 672 bad
625 615 670 671 est
688 612 802 688 equalis
821 613 932 690 angulo
950 614 1025 688 tuq,
1049 612 1131 688 quod

88 705 161 761 best
177 701 369 777 impossibile.
414 702 455 758 Et
472 701 538 761 ideo
558 704 604 760 est
621 702 827 777 necessarium,
850 704 886 760 ut
903 702 959 760 hoc
978 701 1130 777 concedat,

116 791 270 867 quoniam,
298 784 365 868 (si)
393 789 569 848 semicirculi
596 793 851 866 superponuntur,
883 790 1057 866 cooperiunt
1089 809 1131 865 se,

115 883 145 938 et
168 880 259 938 etiam
282 880 352 955 quia
371 879 469 954 portio
493 881 580 939 eaba
603 881 647 938 est
678 879 791 955 equalis
813 879 945 955 portioni
973 881 1070 956 aqbe,
1101 882 1132 938 et

113 972 260 1045 punctum
278 970 294 1028 b
314 971 359 1027 est
373 971 515 1044 centrum,
535 987 604 1046 ergo
622 987 801 1044 unaqueque
815 968 941 1026 duarum
959 968 1132 1043 portionum

116 1061 161 1116 est
183 1057 391 1116 semicirculus
441 1057 521 1134 Ergo
550 1057 606 1116 erit
633 1076 702 1133 pars
726 1059 815 1131 udbq
838 1061 921 1115 extra
945 1057 1096 1116 circulum.
1104 1050 1129 1134 1)

76 1160 102 1199 ιο
204 1145 288 1204 Dixit
310 1146 482 1204 accimus:
510 1147 723 1220 Propositioues
740 1165 798 1221 per
820 1163 851 1205 sc
872 1150 937 1205 uate
959 1151 1039 1204 suut:
1070 1147 1132 1206 Res

96 1238 168 1294 uui
190 1238 233 1293 rei
256 1236 371 1308 equales
393 1239 462 1293 suut
484 1237 606 1309 equales.
652 1235 914 1309 assequutus
937 1236 1054 1309 equaliu
1077 1237 1131 1294 ad-

116 1326 234 1392 dantur,
257 1325 356 1382 ouraia
385 1328 469 1382 eruat
492 1327 614 1398 equaliu.
664 1324 707 1382 Et
728 1327 755 1383 si
777 1326 812 1382 de
836 1325 986 1398 equalibus
1015 1325 1133 1397 equaliu

116 1414 277 1488 ducantur,
292 1431 346 1486 que
359 1414 550 1486 relinquatur,
567 1417 652 1472 eruut
665 1415 788 1486 equaliu.
812 1413 855 1471 Et
868 1431 934 1471 uam
946 1414 1133 1486 inequalitas

118 1503 232 1575 aqualia
259 1503 361 1560 addita
388 1503 510 1575 fueriut,
539 1504 637 1560 ouuaia
666 1506 750 1560 eruut
781 1495 981 1578 <iu>equalia
1035 1503 1078 1560 Et
1105 1504 1134 1562 si

77 1601 103 1642 15
117 1592 152 1649 de
177 1592 361 1665 iuequalibus
383 1591 537 1650 deuautur
560 1591 688 1663 aqualia,
717 1608 770 1664 que
799 1592 1016 1664 relinquuntur,
1047 1596 1135 1651 eruut

116 1673 316 1759 <iu>equaliu
371 1679 413 1736 Et
439 1697 612 1753 quecumque
642 1684 712 1738 suut
738 1680 830 1752 dupla
856 1681 946 1738 unius
976 1681 1032 1748 rei,
1061 1685 1134 1739 suut

117 1770 157 1827 ad
178 1771 300 1827 iuriaeru
324 1769 447 1840 equaliu.
492 1768 535 1825 Er
556 1785 618 1840 que,
647 1785 712 1826 cusu
733 1772 970 1842 superpouuaiur
994 1770 1133 1838 uicissim,

116 1875 147 1916 se
169 1859 341 1930 cooperiuat,
365 1860 434 1914 suut
456 1857 578 1930 equaliu.
624 1857 667 1914 Et
687 1874 770 1915 auae
788 1861 877 1916 totuu
896 1861 937 1916 ast
953 1859 1051 1916 ruaius
1074 1876 1133 1918 sua

111 1949 207 2018 purte.
252 1945 295 2002 Et
321 1946 377 2003 due
403 1949 476 2004 reate
498 1947 571 2004 buce
597 1963 657 2004 uou
683 1947 925 2020 aouqralaeuduat
946 1949 1133 2020 superficiem

80 2046 106 2086 20
119 2051 210 2107 aeque
232 2035 332 2092 loauuu

209 2120 308 2198 Supra
330 2121 385 2181 hoo
405 2121 649 2182 Saunnnrcmus:
672 2122 738 2181 Iam
756 2122 882 2182 diximus
900 2122 932 2180 in
950 2123 1135 2198 precedenti-

119 2210 183 2286 buS,
206 2230 260 2286 per
283 2229 313 2269 se
336 2213 408 2269 nota
432 2229 502 2287 esse,
527 2231 583 2287 que
607 2230 723 2270 necesse
748 2215 792 2270 est
813 2231 867 2287 per
890 2231 920 2271 se
939 2208 1020 2289 (ab)
1039 2214 1135 2272 omni-

119 2300 174 2358 bus
197 2300 298 2376 recipi,
323 2301 352 2358 et
374 2302 408 2358 ut
430 2319 483 2375 per
505 2318 536 2358 se
559 2300 799 2360 demonstrantur
822 2301 932 2376 absque
955 2301 1051 2360 modo.

208 2388 292 2446 Dixit
315 2389 487 2447 Eucnrnns:
509 2389 560 2448 Ea
579 2407 632 2463 que
650 2394 719 2448 suat
737 2391 853 2463 equaliu
870 2392 924 2449 uui
941 2408 982 2458 re,
1006 2395 1075 2449 suut
1094 2393 1135 2451 ad

80 2489 108 2530 25
121 2480 243 2537 uaricem
265 2479 389 2551 equaliu.

210 2566 307 2642 Supra
328 2567 385 2624 hoo
408 2565 651 2626 Sannnnrcnrus:
676 2566 708 2624 Si
730 2567 784 2626 hec
807 2567 897 2626 verba
917 2567 997 2626 diota
1020 2569 1136 2628 fuerint

121 2650 200 2735 (de)
228 2655 393 2731 equalibus,
423 2659 520 2714 essent
545 2675 616 2714 vera
644 2659 674 2714 et
700 2656 799 2714 lucida
827 2657 865 2714 ad
896 2656 1135 2734 intelligendum,

122 2745 173 2804 sed
192 2743 217 2802 si
235 2745 431 2803 communiter
449 2745 528 2802 dicta
546 2745 668 2819 fuerint,
685 2764 745 2803 non
763 2746 823 2804 sint
840 2764 920 2804 vera.
952 2745 1037 2804 Licet
1055 2746 1136 2805 enim

123 2833 224 2909 aliqua
248 2833 308 2892 sint
330 2833 466 2910 longiora
489 2833 590 2908 aliqua
613 2853 658 2909 re,
684 2852 744 2891 non
771 2835 872 2892 tamen
900 2836 1066 2894 necessario
1091 2855 1136 2895 se·

85 2923 240 2998 coquitur,
263 2921 343 2997 quod
365 2942 458 2979 unum
481 2922 521 2980 sit
542 2923 661 2999 longius
685 2923 757 2997 alio;
780 2942 876 2998 neque
898 2923 958 2998 illi,
983 2924 1035 3000 qui
1065 2927 1137 2983 sunt

122 3012 229 3070 fratres
261 3011 351 3070 unius
378 3011 517 3087 hominis,
547 3015 616 3069 sunt
646 3012 753 3070 fratres
783 3012 961 3088 necessario,
992 3013 1136 3089 quoniam

197 3187 238 3236 17.
257 3187 308 3249 equ
322 3179 348 3248 q'
364 3182 460 3234 autem
474 3183 706 3250 superponuntur.
727 3213 759 3221 -
780 3187 821 3236 27,
839 3181 941 3236 lucina.
961 3215 996 3222 —
1015 3188 1057 3237 29.
1072 3182 1135 3238 lon-

125 3251 217 3323 giora]
236 3251 384 3322 longicam.

196 3413 222 3481 1)
246 3409 455 3466 Demonstratio
479 3412 555 3481 apud
574 3411 743 3466 Gariannum
765 3411 866 3467 melius
888 3413 1021 3484 quadrat,
1050 3432 1139 3483 quam

126 3482 201 3552 apud
219 3482 515 3537 anrnoar-Hnrnnaa.
559 3483 613 3538 Sed
637 3483 732 3537 confer
759 3483 846 3537 ctiam
872 3484 1002 3538 Pnocnun
1021 3492 1082 3556 238,
1103 3493 1138 3543 25

126 3559 289 3625 -239,15,
309 3553 387 3608 cuius
405 3553 460 3608 loci
478 3554 645 3609 Hammonis
664 3572 720 3610 non
739 3554 809 3609 facit
826 3555 1005 3613 mentionem.
