2408 3848
108 146 131 209 4
368 142 559 216 ¹urunuu
577 140 832 198 commoriar
956 101 961 109 ’

107 314 254 389 pinquum
282 331 448 388 commune,
476 312 557 388 qnod
584 315 629 370 est
656 312 760 388 situm,
787 314 907 387 separat
933 314 1084 388 penatum
1105 334 1124 373 a

108 406 241 478 tempore
269 403 300 458 et
326 403 409 459 motu
432 403 462 459 et
485 401 522 459 ab
545 419 648 459 eorum
671 399 920 475 extremitatibus3
945 404 978 460 et
999 418 1039 461 en
1057 403 1124 481 hoo,

110 491 189 566 quod
212 489 350 565 diximus,
372 508 541 566 separamus
564 492 709 566 punctum
732 509 750 546 a
772 489 936 566 superficie,
958 493 989 549 et
1011 491 1124 551 lineam

110 597 286 655 aeorpore,
310 579 442 654 qualiter
463 579 561 638 situm
612 577 705 647 Quasi
733 573 803 656 (si)
828 579 892 638 loeo
919 578 1009 638 huius
1036 579 1125 640 dieti:

81 687 186 744 s„non
208 667 320 726 habens
342 665 574 726 dimensionem“
595 667 743 726 diceretur
764 685 819 744 per
841 667 954 744 ipsmn,
977 670 1023 728 est
1046 669 1125 729 sieut

109 757 294 832 extremitas,
327 759 380 815 aut
407 760 563 833 separetur
590 757 681 815 aliam
713 758 743 814 et
775 776 793 815 a
820 756 973 832 superficie
1001 751 1080 836 (at)
1105 774 1125 818 a

109 864 240 922 corpore,
263 846 405 921 quoniam
427 847 542 904 nullam
563 846 670 904 horum
692 845 782 904 habet
805 845 1026 907 dimensionem.

198 933 325 1003 Qumnu
359 953 429 993 uero
471 928 567 1012 Ann¹)
608 934 761 993 diffiniunt
795 936 942 1010 punctum
978 932 1125 995 dieentes:

108 1027 284 1099 punctum
307 1041 383 1082 esse
401 1023 580 1082 unitatem
596 1024 786 1082 habentem
805 1023 926 1099 situm,
948 1023 1029 1083 siout
1046 1023 1124 1083 diffl-

70 1112 196 1176 ronirmt
223 1113 371 1170 unitatem
398 1113 542 1172 dicentes:
574 1131 649 1172 esse
684 1115 856 1188 punctum
888 1129 957 1170 uon
987 1112 1126 1173 habens

110 1201 228 1260 situm.
274 1199 371 1269 Quam
393 1201 600 1260 diffinitionem
623 1201 777 1276 dederunt,
800 1216 861 1259 non
883 1203 920 1259 ut
942 1203 1021 1260 esset
1042 1218 1125 1279 vata,

109 1290 160 1348 sed
182 1290 465 1350 transmutationem
486 1291 631 1350 metendo.
675 1290 740 1349 Hoo
763 1289 830 1348 ideo
849 1297 901 1366 est,
925 1287 1006 1366 quod
1028 1291 1124 1353 eonti-

109 1397 169 1436 nua
192 1380 221 1437 et
245 1379 371 1438 disereta
394 1380 630 1439 diversificantur
652 1379 683 1437 in
702 1379 771 1454 situ,
796 1396 867 1456 ergo
883 1378 951 1437 finis
968 1381 1069 1439 motus
1094 1382 1126 1440 at

110 1467 223 1526 instans
259 1469 355 1547 magia
391 1471 561 1545 propinqua
595 1472 707 1543 punoto
744 1484 835 1543 quam
865 1468 968 1526 unitas
999 1471 1124 1545 propter

71 1579 96 1618 rs
111 1558 364 1634 communitatem,
394 1578 451 1633 que
475 1560 520 1616 est
542 1558 621 1614 inter
643 1575 679 1615 ea
701 1556 864 1615 seeundum
885 1556 1125 1634 continuitatem,

111 1666 167 1722 quo
190 1666 250 1705 non
273 1651 317 1706 ast
340 1648 371 1704 in
393 1647 517 1704 unitate.

198 1736 263 1813 Ego
289 1739 388 1794 autem
406 1735 479 1809 dieo,
503 1733 584 1808 quod
601 1733 727 1792 unitas
746 1737 802 1792 est
824 1752 879 1793 res
898 1751 1024 1793 carens
1041 1754 1123 1811 par-

110 1823 207 1882 tibus
236 1826 270 1880 et
298 1823 384 1897 situ,
414 1825 448 1880 et
469 1821 690 1898 principium
712 1823 937 1898 quantitatis
959 1823 1125 1883 discrete

199 1911 283 1968 Dixit
306 1911 478 1981 Eunomus:
508 1911 603 1970 Linea
632 1915 675 1970 eat
700 1913 850 1986 terraturio
872 1915 936 1971 siue
963 1913 1123 1972 latitud'uea

71 2024 97 2063 20
201 1997 297 2073 Supra
328 1999 383 2058 hoo
415 2018 484 2058 vero
517 1999 593 2058 dixit
624 1999 867 2060 Sasmnmomus:
904 2000 998 2060 Linea
1033 2001 1126 2061 habet

110 2087 298 2164 principium,
323 2107 357 2146 ex
380 2107 440 2164 quo
463 2089 528 2164 ipsa
547 2088 618 2164 fuit,
646 2089 727 2164 quod
749 2092 794 2147 est
820 2092 972 2166 punctum,
1002 2093 1032 2148 et
1058 2090 1127 2166 ipsa

112 2180 157 2236 est
179 2177 358 2252 principium
380 2177 553 2253 superficiei.
604 2176 680 2246 Quia
707 2196 777 2236 vero
805 2178 870 2254 ipsa
897 2179 957 2237 fuit
984 2196 1020 2236 ex
1041 2179 1127 2254 prin·

112 2265 188 2341 oipio
212 2265 352 2341 indiviso,
381 2268 425 2324 est
447 2266 617 2344 longitudo,
645 2269 675 2324 et
697 2267 768 2342 quia
791 2266 856 2343 ipsa
879 2271 924 2325 est
945 2267 1126 2344 principium

112 2354 293 2431 latitudinis,
321 2358 366 2414 est
397 2355 460 2414 sine
492 2355 660 2415 latitudine.
714 2355 807 2414 Linea
839 2374 955 2432 quoque
988 2355 1025 2414 ab
1058 2357 1126 2416 aliis

73 2466 98 2507 25
113 2447 251 2519 separata
270 2447 317 2506 est¹
333 2440 435 2521 <n0n>
455 2463 521 2502 eum
539 2443 715 2502 diffinitione
734 2444 883 2522 negativa,
907 2445 958 2504 sed
976 2465 1045 2505 oum
1063 2463 1128 2521 qua

111 2537 156 2592 est
180 2533 336 2591 affirmata.

199 2614 417 2698 Hnnorrroas²)
456 2625 556 2681 autem
594 2621 735 2680 diffinivit
766 2621 876 2679 lineam
908 2622 1020 2681 diceus:
1051 2639 1128 2682 eam

113 2728 189 2768 esse
213 2710 471 2786 quantitatem,
500 2730 565 2786 que
593 2710 701 2768 habet
728 2729 831 2768 unam
859 2710 1126 2770 dimensionem.

111 2799 184 2856 Anu
207 2802 307 2858 autem
330 2799 477 2858 diffiniant
500 2818 565 2858 eam
589 2799 732 2858 dieentes:
756 2818 830 2857 eam
854 2817 933 2857 esse
957 2801 1127 2859 extremi-

72 2912 97 2951 ao
112 2891 223 2946 tatem
246 2888 471 2963 quantitatis
495 2889 664 2946 continue
683 2887 850 2946 habentis
874 2888 994 2964 situm,
1018 2906 1127 2964 quam

113 2980 259 3052 separat
276 2980 460 3052 punctum,
484 2996 542 3051 que
560 2978 717 3036 manifesto
736 2976 911 3052 apparatio
929 2977 1130 3054 sensibilibus,

114 3066 225 3125 soilioet
248 3066 325 3124 inter
347 3067 443 3124 lucem
466 3069 496 3124 et
518 3058 692 3143 umbram.⁸)

115 3268 147 3315 31
185 3197 209 3246 1.
230 3190 327 3263 eitum]
348 3193 446 3246 satum.
467 3223 500 3231 —
524 3197 564 3245 11.
584 3208 640 3259 qua
660 3189 836 3246 diffinitione.
857 3222 889 3231 -
910 3197 951 3244 14.
970 3190 1068 3246 istans.
1091 3182 1135 3234 -’

151 3305 156 3316 .
176 3279 239 3330 qua.

186 3379 212 3448 1)
230 3378 356 3432 Paocnus
371 3385 414 3446 95,
429 3385 510 3446 tlsq.
525 3378 579 3431 hoe
592 3375 797 3446 Pythagoraeis
810 3375 918 3431 tribuit.
936 3409 971 3418 —
990 3379 1016 3448 2)
1035 3378 1129 3434 Hauo-

113 3467 199 3501 umnn
225 3448 301 3503 idem
335 3466 395 3503 ease
423 3466 468 3503 ao
482 3449 635 3502 Haaurnau
658 3446 892 3501 verisimillimum
924 3451 974 3503 est.
1026 3449 1130 3506 Confer

58 3541 61 3549 ·
115 3519 201 3574 etiam
220 3520 351 3574 Procauu
370 3527 412 3589 97,
433 3525 510 3574 7--8.
529 3551 565 3560 -
583 3523 609 3589 3)
629 3519 762 3588 Paoonua,
784 3525 842 3588 100,
862 3526 895 3573 14
906 3538 947 3588 aq.
