2408 3848
111 158 178 224 290
399 157 565 212 ANARITII
583 155 840 212 commissam

112 347 204 405 supra
230 330 361 404 quatuor
386 330 419 386 et
445 327 533 386 semis
559 329 592 384 et
617 326 771 386 minuatur
798 325 836 384 ab
863 326 914 385 eis.
960 327 1032 386 En't
1057 347 1135 406 ergo

111 437 173 476 una
198 415 325 475 duarum
351 415 515 475 sectionum
541 417 656 491 septem
684 419 714 474 et
740 416 828 474 semis
855 419 887 474 et
912 415 1011 475 altera
1034 437 1134 476 unum

113 509 143 566 et
174 506 271 565 semis.
320 505 395 563 Dico
427 503 520 581 igitur
550 503 631 579 quod
661 504 747 563 radix
778 507 892 580 septem
920 509 950 563 et
977 507 1070 565 semis
1101 510 1136 566 et

274 673 640 781 ρναᾱόωέόιὸ-Ιά
742 689 958 781 oooemrlc

111 859 197 919 radix
223 859 310 918 unius
339 861 369 917 et
393 858 483 917 semis
510 859 666 918 coniuncte
692 860 771 918 sicut
796 859 877 918 linea
898 877 972 935 una,
999 863 1135 936 possunt

83 961 203 1025 ssupra
223 951 322 1008 totam
343 947 542 1023 superficiem,
570 967 626 1023 que
649 948 818 1007 continetur
839 967 858 1006 a
880 949 961 1007 linea
982 951 1132 1009 rationali

113 1041 144 1097 et
164 1038 245 1097 linea
266 1055 318 1113 oq,
341 1036 420 1112 quod
442 1035 485 1095 sio
505 1035 658 1113 probatur.
704 1036 835 1114 Signabo
858 1037 977 1113 lineam,
1000 1057 1061 1114 que
1084 1041 1133 1097 iu·

112 1126 259 1186 scribatur
281 1128 331 1202 ab,
354 1125 452 1201 sitque
472 1125 560 1184 radix
580 1128 694 1202 septem
711 1128 744 1185 et
760 1125 858 1200 semis,
881 1127 928 1185 cui
944 1127 1134 1206 coniungam

111 1216 222 1274 lineam
245 1217 293 1290 by,
316 1234 373 1290 quo
396 1214 436 1273 eit
457 1209 583 1292 <radix>
605 1214 693 1274 unius
717 1217 748 1274 et
765 1214 867 1290 semis3
889 1214 996 1274 deinde
1015 1217 1133 1276 faciam

113 1304 292 1380 quadratum
309 1322 401 1388 supra
419 1321 474 1378 oy,
498 1303 577 1378 quod
595 1298 679 1382 (sit)
695 1305 794 1379 cydh,

72 1407 99 1446 ro
113 1397 144 1454 et
157 1392 307 1453 comblebo
321 1393 415 1470 figure
424 1392 660 1468 descriptionem.
682 1391 789 1469 Super-
845 1384 944 1493 ymb}
958 1445 1057 1491 mu
1103 1421 1128 1456 ι

112 1483 192 1542 ficies
224 1501 294 1560 ergo
322 1483 362 1541 dc
387 1484 435 1541 est
455 1499 549 1539 unum
572 1484 602 1540 et
624 1481 726 1556 semis,
759 1485 789 1540 et
886 1500 920 1561 ,ις
1044 1481 1057 1507 ²

113 1571 282 1648 superficies
298 1589 338 1630 eo
357 1573 403 1630 est
420 1573 534 1646 septem
551 1573 583 1629 et
600 1571 697 1645 semis,
715 1589 789 1646 qus·
872 1440 1101 1748 'a
1134 1618 1136 1622 ,

112 1681 179 1720 rum
198 1659 365 1719 coniunctio
385 1662 430 1718 est
443 1677 556 1718 novem.
585 1657 705 1733 Quoque
719 1677 788 1718 vero
961 1720 965 1727 ,

113 1751 240 1809 duacum
256 1747 529 1824 superficierumqe
546 1749 628 1805 etet
646 1750 692 1806 est
704 1747 789 1805 radix
875 1750 1101 1884 η-

73 1853 99 1892 15
113 1838 250 1897 undecim
271 1840 303 1896 ct
325 1839 443 1912 quarte,
467 1834 610 1911 quoniam
632 1854 668 1894 ex
689 1836 789 1894 multi-
845 1862 867 1906 a

113 1926 274 2002 plicatione
297 1927 338 1984 ab
361 1924 393 1981 in
414 1926 453 1997 oy
475 1918 634 2001 <provenit
655 1924 792 1983 undecim

114 2017 144 2074 ot
155 2008 297 2090 quarta.)
326 2013 424 2071 Errmt
436 2031 508 2089 ergo
522 2012 580 2070 due
592 2012 707 2072 radices
725 2012 862 2072 undecim
876 2016 907 2072 et
921 2016 1027 2089 quarte
1040 2010 1134 2070 radix

114 2101 314 2179 quadraginta
332 2101 471 2177 quinque.
502 2095 592 2179 <Erit
609 2119 680 2178 ergo
697 2101 783 2160 radix
800 2106 955 2178 assumpta
968 2121 1004 2160 ox
1018 2121 1133 2163 novem

37 2218 40 2231 v
114 2195 145 2251 et
166 2190 265 2250 radice
289 2189 489 2268 quodraginta
508 2186 668 2279 quinque),
690 2191 852 2250 secundum
873 2191 955 2266 quod
972 2193 1135 2252 ostensum

72 2297 100 2336 so
115 2283 168 2356 ost,
190 2279 276 2339 radix
297 2283 412 2356 septem
432 2283 465 2339 ot
485 2280 574 2339 semis
598 2282 628 2338 et
644 2279 730 2338 radix
747 2279 837 2338 unius
859 2282 892 2338 et
908 2279 1005 2340 semis
1050 2281 1136 2342 Sunt

115 2388 185 2447 engo
212 2369 256 2427 hii
278 2372 339 2428 tras
362 2368 547 2445 quantitates
571 2368 691 2444 quidem
713 2368 952 2445 proportionales
973 2367 1075 2443 prima
1099 2374 1136 2429 et

113 2458 207 2518 tercia
235 2461 266 2517 ct
291 2458 401 2534 media,
430 2477 487 2534 que
513 2460 585 2517 sunt
608 2460 721 2533 septem
744 2457 898 2531 ataenis,
924 2461 956 2516 ot
978 2475 1076 2516 unum
1101 2462 1135 2518 ct

114 2548 215 2622 semis,
249 2550 279 2606 et
309 2547 422 2621 media,
454 2566 512 2623 que
544 2549 590 2606 est
618 2546 761 2604 medietas
788 2545 898 2605 radicis
922 2545 1136 2623 quadra-ginta

116 2637 262 2712 quinque,
298 2655 356 2712 que
389 2638 434 2695 eet
464 2634 549 2694 radix
580 2635 718 2693 undecim
747 2637 780 2693 et
808 2638 926 2710 quarte.
979 2633 1136 2695 Similiter

74 2738 235 2802 aequoque
268 2725 338 2784 talis
369 2724 523 2800 proportio
554 2723 587 2782 in
618 2723 700 2782 omni
730 2723 811 2782 linea
838 2723 934 2784 divisa
960 2724 1134 2784 secuudum

114 2815 192 2873 hanc
215 2813 403 2889 divisionem3
427 2816 458 2871 et
480 2812 554 2870 illud
573 2815 627 2887 est,
651 2813 730 2887 quod
748 2812 949 2872 demonstrare
967 2811 1134 2874 voluimus.

205 2901 252 2960 Sit
284 2903 375 2961 etiam
407 2901 577 2978 superficies
608 2901 772 2961 secundum
798 2901 1004 2960 habitudinem
1031 2919 1133 2979 suam,

115 2994 146 3049 et
174 2991 214 3050 sit
240 2992 281 3049 ab
308 2990 393 3049 radix
421 2994 535 3066 septem
562 2993 593 3049 et
620 2990 721 3064 semis,
746 2993 779 3049 et
805 2992 845 3065 by
867 2991 908 3050 sit
929 2989 1014 3049 radix
1036 2992 1134 3052 unius

116 3082 147 3138 et
170 3079 265 3137 semis.
306 3078 384 3137 Sunt
405 3098 476 3157 ergo
498 3079 548 3138 hio
571 3079 627 3137 due
650 3079 818 3156 superficies
841 3079 951 3156 addite,
974 3098 1032 3155 que
1055 3085 1135 3142 sunt

73 3180 102 3220 ³⁰
116 3171 230 3244 septem
253 3171 283 3226 et
306 3167 392 3226 semis
416 3172 446 3227 et
468 3188 563 3227 unum
587 3171 616 3227 et
639 3168 736 3241 semiS,
758 3171 788 3226 et
811 3168 868 3226 due
892 3168 1060 3246 superficies
1085 3171 1133 3229 di-

115 3257 243 3332 minute,
280 3276 337 3332 que
374 3260 443 3316 sunt
474 3258 532 3316 due
563 3256 676 3316 radices
708 3256 845 3315 undecim
875 3260 907 3315 et
939 3261 1059 3334 quarte,
1100 3265 1135 3319 et

186 3460 441 3542 2.'unum]·unius.
462 3493 496 3503 -
519 3466 544 3516 4.
565 3464 632 3515 sunt
646 3460 728 3516 sicut.
749 3492 782 3501 -
807 3465 848 3515 25.
869 3460 949 3533 talis]
969 3459 1060 3516 radix.
1082 3495 1123 3506 -

115 3538 159 3586 30.
174 3549 256 3586 unius
277 3548 367 3587 sem1s.
468 3558 469 3561 ¹
