2408 3854
357 751 537 824 INCIPIT
566 751 687 824 PARS
715 750 907 835 QUINTA.

194 933 280 991 Dixit
315 933 488 991 Eucnxnns:
524 933 628 990 Miuor
663 934 811 1005 quaotttos
845 935 886 989 ost
910 948 988 1004 pars
1018 932 1143 989 maioris

129 1024 309 1096 quaotilato's,
332 1022 449 1095 quoodo
471 1025 622 1080 mensurat
642 1023 788 1080 maiorem.

195 1111 266 1168 Ideo
289 1110 448 1170 Eucnmas
473 1109 548 1168 dixit
569 1109 618 1168 hic
640 1107 819 1185 „partem“
839 1111 869 1166 et
886 1126 946 1165 non
965 1105 1142 1183 „partes“,

102 1200 201 1275 aquia
229 1199 303 1258 dixit
331 1194 410 1277 (de)
437 1198 652 1274 multiplicibus
680 1200 710 1256 et
733 1197 950 1273 quantitatibus
973 1198 1142 1272 proportio·

129 1289 260 1364 nalibus,
293 1291 324 1346 et
356 1289 448 1346 etiam
479 1288 545 1346 ideo
578 1289 666 1363 dixit,
698 1287 768 1362 quia
796 1306 831 1344 ex
858 1286 926 1360 hoc,
958 1285 1037 1361 quod
1065 1285 1141 1343 dixit

132 1375 324 1453 „partem“,
347 1377 522 1454 intelligimt
544 1380 645 1453 paites
669 1394 739 1434 esse.

196 1467 239 1524 Et
261 1471 302 1525 est
322 1469 418 1525 mator
435 1467 585 1539 multiplea
601 1468 732 1533 ouooro's,
756 1482 822 1523 cum
840 1465 917 1522 codd
933 1482 1027 1537 supra
1043 1465 1143 1537 ipsam

129 1557 307 1614 meososruto'o
325 1557 455 1613 miseris.
475 1587 517 1594 —
535 1554 578 1611 Et
589 1556 740 1626 proportio
759 1557 800 1612 cst
817 1553 918 1626 aliquo
933 1554 1034 1612 relatio
1048 1570 1141 1626 quao-

89 1661 117 1700 ιο
131 1647 229 1718 dilatis,
253 1661 307 1716 que
330 1645 468 1701 ostiliter
490 1644 566 1701 duos
588 1660 635 1701 res
656 1645 746 1701 ouius
766 1644 888 1716 pecoris.

196 1733 242 1790 Ex
259 1732 324 1806 hoc,
343 1731 422 1806 quod
435 1731 594 1790 Eucnmns
614 1730 688 1789 dixit
705 1731 858 1805 „relatio
873 1727 1027 1805 aliqua“,
1045 1729 1144 1788 voluit

129 1821 269 1896 intelligi,
288 1820 367 1894 quod
384 1820 491 1878 relatio
511 1822 556 1877 est
574 1821 735 1878 communis
755 1819 890 1878 omnibus
904 1818 1144 1895 predicamentis

130 1910 179 1967 vel
201 1908 268 1966 ideo
291 1907 367 1965 dixit
389 1908 544 1982 „relatio
568 1907 722 1983 aliqua“,
745 1909 816 1983 quia
833 1909 962 1966 relatum
981 1907 1142 1967 communi-

131 1999 181 2055 cat
198 1996 435 2072 predicamentis,
458 2001 488 2055 et
506 1997 606 2072 posuit
623 1997 720 2072 ipsam
737 1997 769 2054 in
787 2016 847 2055 una
866 1997 1045 2073 cathegorie,
1063 1996 1143 2054 scili-

92 2101 118 2142 15
136 2088 183 2143 cet
201 2085 379 2160 quantitate.
415 2087 456 2143 Ilt
474 2105 541 2144 cum
560 2085 635 2144 dixit
653 2086 770 2161 „inter
788 2087 873 2143 duas
893 2082 1143 2161 quantitates“

130 2175 228 2233 voluit
249 2174 379 2251 intelligi
400 2173 585 2250 instantiam,
608 2194 698 2250 quam
718 2194 778 2233 una
796 2176 921 2233 duarum
939 2174 1144 2249 quantitatum

131 2262 222 2321 habet
258 2263 296 2321 ad
332 2264 436 2337 aliam,
472 2264 543 2340 quia
575 2265 728 2339 prop01tio
764 2267 810 2322 est
840 2255 1016 2343 instantia¹)
1053 2263 1142 2321 unius

131 2352 309 2428 quantitatis
329 2352 367 2410 ad
385 2353 476 2410 aliam
495 2347 500 2431 l
521 2353 730 2428 quantitatem,
749 2373 805 2428 que
825 2355 894 2410 sunt
911 2352 997 2410 unius
1012 2351 1144 2427 generis3
1162 2355 1198 2404 33

131 2441 244 2500 seilicet
266 2441 411 2501 instantia
433 2442 510 2499 linee
534 2441 572 2498 ad
595 2442 714 2516 lineam,
737 2444 789 2499 aut
811 2442 955 2500 instantia
978 2439 1144 2515 superficiei

91 2547 118 2586 20
132 2530 170 2588 ad
198 2530 395 2606 superficiem,
427 2533 480 2588 aut
507 2529 638 2605 corporis
666 2530 704 2588 ad
731 2549 850 2606 corpus,
883 2533 936 2588 aut
962 2529 1077 2586 numeri
1104 2529 1144 2586 ad

131 2640 294 2695 numerum,
320 2614 416 2698 (aut)
439 2619 582 2679 orationis
606 2619 644 2676 ad
667 2619 841 2694 orationem,
864 2622 917 2677 aut
938 2617 1081 2693 temporis
1105 2617 1144 2675 ad

130 2711 261 2784 tempus,
289 2711 342 2766 aut
365 2708 424 2766 loci
446 2709 484 2766 ad
507 2709 612 2767 locum.
654 2707 719 2767 Hoc
742 2711 842 2766 autem
864 2699 1038 2787 habitudo²)
1065 2725 1143 2765 com-

130 2797 354 2871 municationis,
387 2800 416 2854 et
448 2797 530 2854 aliud
561 2796 704 2855 habitudo
737 2796 935 2856 seiunctionis.
988 2794 1144 2854 Habitudc

132 2889 233 2944 autem
263 2885 537 2945 communicationis
565 2888 623 2960 est,
655 2905 693 2943 an
721 2885 846 2944 duamm
873 2885 1076 2961 quantitatum
1103 2884 1145 2943 sit

91 2989 118 3028 aa
133 2975 193 3033 alia
225 2975 377 3050 quantitas
406 2973 601 3034 communiter
627 2975 752 3034 metiens
780 2967 850 3050 eas,
875 2977 927 3032 aut
954 2993 1014 3031 una
1042 2991 1145 3031 earum

204 3164 230 3231 1)
248 3161 426 3229 „Iustaoto'a“
447 3160 523 3216 idem
547 3163 601 3231 est,
625 3161 701 3230 quod
720 3161 883 3215 Gannmnus
904 3159 1057 3214 inmediate
1076 3162 1144 3213 ante

133 3234 327 3302 ,‚rclotiooem“
346 3230 423 3286 dicit.
453 3231 586 3287 Conferas
606 3232 642 3286 ad
660 3233 734 3286 hunc
752 3232 853 3301 locum,
872 3247 944 3300 quae
962 3231 1095 3300 leguntur
1113 3231 1144 3284 in

131 3304 256 3359 editione
279 3302 470 3373 Heibergiana
492 3303 623 3357 Euomus
641 3303 696 3358 vol.
711 3303 744 3372 V,
762 3321 789 3373 p.
805 3308 954 3371 asc-287,
973 3301 1080 3356 scholio
1101 3307 1143 3357 15.

133 3448 149 3498 t
196 3375 430 3502 Ι2>ίυΙΞᾳϋίιίϊαάινί
448 3387 559 3443 quoque
578 3374 666 3429 tercia
685 3376 728 3429 est
742 3374 883 3443 expressio
897 3390 998 3428 vocum
1010 3375 1145 3442 „rclatio“

114 3461 133 3498 e
159 3463 232 3512 „om
241 3464 281 3501 ooo
294 3466 349 3503 oo.
