2408 3848
110 159 174 223 308
394 156 561 210 ANARITII
579 154 835 211 COMMENTARII

107 318 293 402 superficiem
326 326 463 401 equalem
491 324 656 399 superficiei
683 343 715 400 a,
747 344 806 400 que
835 324 875 383 sit
901 325 956 398 dm
988 331 1132 385 remanet

107 435 180 493 ergo
208 410 419 492 (superficies)
447 415 484 471 eh
514 413 629 488 equalis
661 412 828 488 superficiei
860 414 884 472 b.
937 411 999 472 Sed
1035 416 1053 474 b
1087 418 1132 474 est

108 504 265 564 rationalis
289 507 319 562 et
338 507 383 561 est
401 502 542 560 adiuncta
565 502 604 560 ad
620 503 668 577 al,
688 507 718 560 et
735 503 775 562 eli
793 504 839 560 est
856 500 1033 562 rationalis:
1059 523 1131 582 ergo

111 611 147 653 ee
182 597 227 651 est
258 591 414 651 rationalis
445 590 477 648 in
508 590 694 668 longitudine
727 594 757 648 et
788 591 991 650 communicat
1025 593 1069 652 aa
1101 594 1131 651 in

86 681 307 758 elongitudine.
350 679 408 738 Sed
430 698 450 738 o
471 674 545 758 <θῖ>
563 681 580 737 b
599 682 644 739 est
660 679 805 755 medialis,
829 682 859 737 et
877 697 897 738 a
915 682 962 738 est
980 681 1140 756 medialisf

113 775 144 829 et
171 770 234 845 ipse
261 771 331 827 sunt
354 769 475 844 equales
502 770 554 843 cle,
578 769 630 829 da:
658 786 728 845 ergo
749 769 803 843 de,
826 769 867 828 de
888 772 960 826 sunt
982 771 1131 829 mediales

111 863 143 917 et
178 858 316 916 adiuncto
348 857 387 915 ad
416 857 525 916 lineam
552 859 596 931 od
625 857 817 930 rationalem,
847 875 917 934 ergo
944 877 1131 935 unaqueque

113 949 239 1006 duarum
275 947 422 1005 linearum
454 964 490 1020 ey
529 949 559 1004 et
587 963 628 1019 oa
660 950 704 1004 est
736 945 891 1005 rationalis
922 945 956 1003 in
987 949 1131 1021 potentia

112 1031 273 1113 (tantum)
296 1039 326 1094 et
347 1035 599 1094 incommunicans
617 1035 662 1108 qd
678 1035 711 1091 in
728 1033 924 1111 longitudine.
968 1033 1017 1093 Sit
1038 1038 1131 1096 etiam

71 1139 99 1177 10
114 1124 281 1200 superficies
312 1125 348 1183 eli
380 1124 515 1182 medialis
545 1126 576 1182 et
605 1125 622 1182 b
651 1123 820 1199 superficies
848 1123 1022 1182 rationalis:
1060 1145 1130 1202 ergo

112 1213 281 1288 superficies
313 1232 333 1271 a
364 1213 497 1271 seiuncta
528 1211 694 1288 superficiei
726 1214 750 1271 b.
802 1211 860 1270 Sed
892 1231 911 1270 o
943 1214 974 1268 et
1007 1214 1026 1271 b
1060 1217 1130 1273 sunt

113 1304 234 1378 equales
255 1303 298 1376 yle
320 1305 352 1360 et
373 1304 424 1376 he,
448 1319 525 1378 ergo
539 1302 583 1375 yle
605 1305 650 1360 est
672 1300 926 1359 incommunicans
949 1302 988 1358 ele
1011 1302 1048 1360 in
1067 1304 1130 1362 lon·

113 1392 256 1469 gitudine,
280 1393 310 1449 et
330 1408 370 1464 oa
392 1393 437 1449 est
455 1391 590 1449 seiuncta
607 1407 643 1449 ze
660 1389 692 1447 in
709 1389 909 1466 longitudine:
933 1408 1006 1466 ergo
1027 1409 1130 1468 super·

112 1481 192 1539 ficies
213 1498 252 1554 φῖ
274 1480 307 1538 in
328 1497 365 1538 ee
387 1482 432 1538 est
455 1479 589 1538 seiuncta
611 1479 759 1554 quadrato
782 1496 825 1538 ze.
872 1477 931 1535 Sed
952 1481 1130 1555 superficies

73 1581 99 1620 1⁵
111 1588 151 1644 oe
177 1570 209 1627 in
236 1587 272 1629 ze
299 1567 498 1626 communicat
520 1567 610 1644 duplo
634 1567 707 1642 eius,
730 1571 761 1626 et
783 1567 965 1643 quadratum
987 1585 1026 1627 ez
1052 1590 1130 1629 com·

112 1658 247 1717 municat
274 1656 420 1732 quadrato
446 1674 498 1731 92,
532 1660 562 1714 et
588 1655 714 1732 duplum
742 1673 784 1729 qa
812 1655 845 1712 in
875 1673 909 1715 ez
938 1659 984 1714 est
1014 1657 1130 1718 incom-

112 1749 265 1806 municans
294 1744 410 1802 duobus
439 1744 593 1819 quadratis
619 1762 672 1818 qa,
696 1761 730 1804 ee
753 1745 925 1804 coniunctis.
973 1744 1035 1803 Sed
1065 1767 1133 1807 cum

112 1836 347 1911 coniunguntur,
379 1835 452 1890 tunc
483 1835 582 1890 totum
611 1832 794 1908 quadratum
819 1851 858 1908 oe
885 1837 931 1891 est
957 1835 1134 1896 seiunctum

114 1923 230 1982 duobus
254 1919 409 1995 quadratis
429 1939 482 1995 92,
505 1939 540 1980 ac
559 1922 732 1981 coniunctis
769 1922 836 1982 Duo
855 1925 957 1980 autem
977 1925 1133 1998 quadsatc

73 2026 100 2063 ao
112 2029 165 2086 ys,
192 2028 228 2070 ae
255 2011 325 2068 sunt
351 2010 524 2086 rationalia,
553 2029 624 2087 ergo
651 2010 831 2085 quadratum
858 2028 898 2084 oe
920 2014 965 2069 θεῖ
994 2014 1134 2090 surdum,

115 2099 196 2175 quod
218 2097 400 2157 contrarium
423 2102 468 2157 est
490 2103 521 2157 et
538 2099 720 2174 impossibile
739 2099 887 2173 consistit3
911 2093 972 2158 iam
993 2103 1078 2161 enim
1096 2123 1135 2179 yc

114 2189 174 2247 fuit
204 2189 236 2246 in
268 2187 402 2263 potentia
430 2188 594 2248 rationalis.
639 2189 842 2266 Augmentum
869 2188 964 2265 igitur
989 2191 1134 2253 medialis

115 2296 204 2353 super
233 2276 389 2334 medialem
418 2296 477 2336 non
508 2280 552 2336 θεῖ
580 2277 739 2350 rationale3
772 2279 817 2336 est
846 2276 923 2335 illud
952 2281 1015 2354 est,
1048 2283 1135 2356 quod

116 2366 316 2425 demonstrare
338 2365 496 2425 voluimus.

77 2466 102 2505 ²5
204 2454 412 2529 Exemplum
434 2454 598 2512 vicesimi
620 2447 767 2530 tercii.1)
824 2499 828 2504 .

206 2541 335 2620 Signabo
368 2543 471 2618 itaque
504 2542 578 2602 duas
610 2543 703 2601 lineas
736 2561 756 2601 a
788 2546 818 2600 et
850 2544 866 2600 b
898 2543 1069 2604 rationales
1104 2551 1137 2607 in

116 2633 252 2708 potentia
281 2635 311 2690 θῖ
340 2632 371 2688 in
401 2650 436 2694 ea
465 2634 585 2690 tantum
614 2631 878 2706 communicantes,
910 2649 984 2706 quas
1017 2653 1137 2709 ponam

117 2723 247 2796 quatuor
265 2723 295 2778 et
312 2719 442 2778 radicem
460 2719 627 2792 duodecim3
647 2723 677 2778 et
694 2739 813 2795 ponam,
831 2724 866 2778 ut
883 2738 903 2779 o
920 2720 1018 2796 possit
1037 2742 1136 2802 supra

118 2811 135 2868 b
158 2809 319 2868 secundum
341 2812 535 2885 augmentum
554 2808 695 2884 quadrati
712 2809 799 2883 linee,
823 2809 871 2867 oui
889 2828 909 2868 a
927 2814 1137 2874 communicat

78 2898 149 2956 eoin
172 2897 372 2975 longitudine,
395 2899 425 2954 et
448 2915 597 2956 assumam
619 2897 698 2956 inter
720 2916 740 2957 c
763 2901 793 2956 et
816 2899 832 2956 b
855 2897 978 2973 lineam,
1002 2904 1040 2959 ut
1063 2921 1136 2963 eon·

114 2987 254 3048 „tinuatur
279 2985 446 3061 proportio,
475 3005 532 3062 que
556 2986 595 3045 sit
615 3005 648 3061 μς
671 3004 702 3045 θε
722 3005 742 3060 9
766 2989 795 3045 et
818 2988 835 3046 b
858 2989 888 3045 et
910 2987 930 3045 d
953 2988 1048 3047 etiam
1072 2993 1138 3052 sint

112 3074 362 3151 ⁴proportionales.
408 3072 493 3143 Quod
520 3078 576 3151 est,
604 3077 640 3133 ut
667 3075 864 3151 multiplicem
890 3074 1078 3150 quadratum
1108 3102 1137 3158 a,

192 3266 233 3315 18.
254 3259 439 3329 coniungitur.
459 3291 493 3301 -
513 3267 554 3314 22.
574 3261 734 3331 Augmenti.
754 3294 788 3302 —
806 3261 935 3317 mediale.

149 3525 155 3536 .
192 3458 218 3525 1)
246 3454 380 3509 Euonmna
404 3456 442 3524 X,
462 3461 495 3509 23
523 3456 674 3526 (Omlnes
697 3456 734 3526 X,
755 3463 801 3524 243
829 3458 996 3511 Hnmmatos
1015 3459 1058 3530 X,
1079 3469 1136 3538 31).

120 3525 193 3580 V1de
211 3545 237 3596 p.
254 3532 304 3582 281
324 3530 381 3582 not.
399 3534 421 3582 1.
