2408 3848
392 145 442 199 AD
460 144 646 200 EUGLIDEM
663 145 731 200 LIB.
744 145 778 200 X.
1018 145 1084 210 255

74 319 120 374 est
146 315 243 374 minus
271 314 448 389 composita,
476 308 682 392 <composita>
704 333 766 373 una
790 313 827 372 ab
850 314 923 389 alia,
951 317 1004 373 aut
1026 333 1082 390 que

74 407 119 463 est
142 404 307 479 composita
330 423 365 460 ex
388 402 487 477 surda,
510 422 600 479 quam
621 403 746 479 predixi,
772 421 840 461 oum
863 403 1083 479 quantitatibus

73 493 271 552 rationalibus
290 495 321 550 et
337 491 383 550 his
402 492 557 568 similibus
579 492 656 551 sicut
674 492 759 551 radix
777 493 935 570 sexaginta·
951 495 982 552 et
998 492 1084 551 radix

73 582 180 641 radicis
208 581 346 658 triginta,
374 583 405 639 et
425 581 510 639 radix
533 581 687 659 sexaginta
709 585 832 656 excepta
854 581 952 640 radice
975 581 1083 641 radicis

73 672 208 748 triginta.
245 671 285 728 Et
304 669 381 728 sicut
398 687 466 728 cum
484 669 621 728 dicimus:
639 670 723 729 radix
740 671 848 729 radicis
867 670 993 748 triginta
1012 670 1082 729 duo·
1109 687 1123 728 s

74 779 142 818 rum
166 762 196 817 et
217 758 301 817 radix
320 759 511 834 quaternarii,
535 762 565 816 et
584 758 669 817 radix
687 759 794 818 radicis
813 759 939 836 triginta
958 759 1083 818 duorum

75 848 187 924 absque
206 847 305 906 radice
323 847 515 922 quaternarii,
531 850 560 906 et
574 867 631 924 que
644 847 691 905 his
705 850 774 905 sunt
787 848 904 906 similia.
936 848 1084 906 Dicuntur

74 956 144 995 vero
172 956 238 996 cum
265 935 459 994 diminutione
486 937 564 994 linee
592 935 678 995 surde
706 936 825 995 alinea
848 937 1001 1012 rationali,
1029 940 1084 996 aut

75 1025 270 1083 diminutione
293 1025 370 1084 linee
392 1025 547 1083 rationalis
571 1025 687 1084 alinea
710 1025 799 1084 surda
817 1028 870 1084 aut
888 1025 1083 1084 diminutione

73 1115 151 1172 linee
174 1113 261 1172 surde
285 1133 303 1172 a
324 1114 404 1173 linea
426 1114 523 1173 surda.
1097 1132 1124 1172 io

166 1201 280 1260 Surda
307 1205 407 1262 autem
435 1203 633 1278 composita
657 1204 702 1261 est
724 1205 888 1279 aggregata
911 1223 946 1262 ex
969 1203 1083 1262 duabus

77 1291 295 1368 quantitatibus
326 1291 658 1366 incommunioautibus,
690 1310 748 1367 que
781 1291 954 1366 simpliciter
985 1292 1082 1352 verbis

76 1380 201 1456 exprimi
228 1382 274 1439 est
300 1381 496 1456 impossibile,
524 1380 683 1439 secundum
711 1380 789 1455 quod
816 1380 942 1456 predixi,
971 1382 1083 1456 quein

74 1473 193 1528 tantum
220 1472 282 1527 tres
310 1472 485 1546 segregatur
510 1471 620 1545 partes.
669 1469 738 1527 Non
766 1469 843 1527 enim
872 1473 917 1527 est
943 1470 1083 1545 possibile

74 1562 174 1634 preter
209 1576 259 1617 eas
292 1558 366 1617 alias
399 1577 469 1617 esse.
532 1557 664 1627 Quarum
699 1557 814 1633 prima
847 1550 937 1640 est1),
976 1561 1011 1616 ut
1043 1559 1082 1616 sit
1096 1573 1123 1614 15

74 1647 285 1723 multiplicatio
319 1648 459 1723 cuiusque
492 1647 617 1706 duarum
645 1646 848 1722 quantitatum
874 1647 906 1704 in
934 1666 964 1706 se
991 1648 1082 1706 ratio-

76 1737 162 1811 nalis,
182 1739 212 1794 et
231 1736 270 1795 sit
286 1736 498 1812 multiplicatio
516 1737 604 1794 unius
624 1754 726 1795 earum
743 1735 776 1793 in
794 1736 920 1794 alteram
938 1736 1083 1812 medialis,

75 1846 133 1901 quo
166 1829 211 1884 est
236 1825 348 1884 habens
375 1845 482 1886 nomen
509 1825 686 1903 absolute,
719 1826 749 1883 et
776 1844 832 1901 que
860 1825 898 1883 ab
926 1843 960 1883 ea
988 1825 1082 1883 deter-

74 1916 235 1988 minantur,
254 1933 310 1988 que
330 1914 421 1974 etiam
439 1919 484 1974 est
501 1915 599 1990 prima
614 1914 769 1990 linearum,
788 1913 819 1972 in
834 1913 943 1990 quibus
957 1918 1083 1990 apparet

75 2002 259 2077 compositio.
1097 2019 1124 2059 ro

166 2082 359 2171 Secunda²)
385 2110 456 2150 vero
484 2095 541 2166 est,
572 2094 607 2149 ut
634 2092 673 2149 sit
699 2091 912 2168 multiplicatio
940 2091 1083 2167 cuiusque

76 2178 201 2239 duarum
237 2178 443 2254 quantitatum
478 2180 702 2238 coniunctarum
737 2181 769 2238 in
805 2199 836 2239 se
867 2180 1016 2255 medialis,
1053 2184 1084 2240 et

76 2266 286 2342 multiplicatio
309 2267 398 2326 unius
421 2287 523 2326 sarum
545 2269 578 2326 in
600 2269 727 2326 alteram
750 2269 789 2327 sit
810 2269 975 2327 rationalis.

165 2347 320 2436 Tertia³)
353 2357 453 2415 autem
485 2358 543 2431 est,
574 2359 610 2415 ut
637 2357 677 2415 sit
703 2357 914 2432 multiplicatio
942 2357 1082 2434 cuiusque

77 2446 201 2504 duarum
229 2444 434 2520 quantitatum
459 2445 683 2504 coniunctarum
704 2445 736 2504 in
760 2445 961 2522 remedialis,
990 2449 1020 2505 et
1042 2448 1082 2506 sit
1096 2461 1122 2502 25

75 2534 287 2610 multiplicatio
310 2533 400 2592 unius
423 2553 525 2593 earum
548 2533 579 2591 in
602 2534 729 2592 alteram
751 2533 894 2594 medialis.

146 2728 169 2777 7.
188 2721 337 2793 Dicuntur]
355 2720 455 2776 Dio’ta.
474 2753 508 2761 -
532 2726 574 2774 22.
593 2719 623 2773 in
641 2736 671 2774 se
690 2719 909 2777 coniunctarum.
931 2752 961 2762 —
989 2726 1031 2776 25.
1050 2722 1081 2776 in

76 2811 105 2848 se
124 2793 287 2848 coniunctis.

75 2972 185 3027 meliori
195 2970 371 3042 expressione
382 2968 496 3024 dicitur:
507 2968 623 3039 „radix
636 2969 786 3040 triginta
801 2969 941 3024 duorum
955 2971 1082 3039 absque

75 3044 193 3117 radice
217 3040 448 3111 quaternarii,
478 3040 595 3094 radice
618 3041 750 3095 residui
773 3045 944 3110 accepta“.
988 3043 1083 3115 Etiam

74 3169 180 3222 formae
195 3187 213 3224 o
222 3171 255 3237 -Ι-
265 3135 470 3238 ffivel
484 3184 502 3220 a
512 3166 546 3236 ᾖ
556 3137 679 3238 VVbss
689 3154 782 3238 tle-ab
798 3168 910 3220 auctore
920 3166 1073 3222 laudantur

147 3277 172 3344 1)
190 3276 229 3329 Ut
246 3259 402 3347 Vasslsb,
419 3271 443 3325 si
461 3273 500 3327 ab
518 3288 576 3326 non
594 3274 637 3326 est
655 3289 785 3326 numerus
806 3273 967 3341 quadratus.

146 3401 172 3467 2)
191 3400 229 3453 Ut
247 3364 471 3472 dolbssda’b‘ffi
495 3397 562 3468 quia
579 3364 662 3471 {lod—b
677 3429 682 3439 ·
697 3365 880 3472 ffl=ab

146 3490 941 3598 exibuitfflanamtffiitfflto'u-
