2408 3848
138 146 201 211 118
424 145 589 199 ANARI'PII
607 143 865 200 COMMENTABH

135 315 231 373 maius
255 314 402 390 quadrato
426 315 506 373 facto
526 334 560 372 ex
579 314 658 371 linea
677 318 719 388 tc3
743 332 812 391 ergo
831 313 912 373 linea
930 316 973 374 ale
991 317 1038 375 est
1056 315 1158 376 maior

134 403 214 462 linea
238 407 275 461 te.
322 403 380 461 Sed
407 402 468 460 iam
492 403 687 477 ostendimus,
716 403 796 478 quod
817 403 898 462 linea
920 405 964 463 dle
987 407 1033 464 est
1056 405 1157 464 maior

135 492 215 549 linea
238 493 286 566 dt,
314 511 383 570 ergo
411 495 477 551 tota
504 493 585 549 linea
608 493 652 550 do
677 495 723 549 est
744 492 841 550 maior
862 487 971 572 (tota)
993 493 1077 553 linea
1101 496 1155 569 dc,

135 583 165 639 et
186 581 262 638 illud
285 585 343 655 est,
367 580 446 656 quod
469 580 671 639 demonstrare
694 581 851 640 voluimus.

108 681 120 720 5
223 668 386 728 Ostendam
405 670 505 744 etiam,
529 669 608 744 quod
626 669 819 744 linearum,
842 689 909 746 que
928 675 1157 731 concurrunt

134 758 415 818 circonferentie
435 759 576 833 circuli,
595 778 660 833 que
678 758 792 835 magis
811 760 1018 836 propinqua
1035 761 1156 820 fuerit

133 847 245 922 linea,
282 867 348 923 que
382 851 436 906 est
468 848 563 906 inter
595 850 713 905 notam
746 850 781 906 et
813 847 1043 924 diametrum,
1083 851 1156 910 erit

133 937 247 995 minor
270 955 323 1010 ea,
346 956 412 1011 que
437 936 477 994 ab
497 955 536 994 ea
554 936 667 994 fuerit
685 936 799 1012 magis
817 941 967 1012 remota,
991 941 1022 997 et
1040 939 1156 998 faciam

132 1025 188 1083 hoc
220 1025 311 1083 etiam
342 1026 374 1083 in
408 1024 522 1084 duabus
558 1025 645 1083 lineis

94 1126 119 1164 10
134 1114 327 1173 existentibus
344 1133 362 1172 a
377 1113 490 1172 duabus
508 1114 644 1190 partibus

133 1203 223 1278 linee,
260 1223 317 1279 que
350 1207 396 1262 est
431 1204 511 1262 inter
541 1206 645 1262 notam

133 1295 163 1351 et
184 1289 287 1368 [inter]
309 1293 496 1351 diametrum.
530 1293 645 1350 Ponam

132 1380 248 1456 itaque,
278 1384 313 1440 ut
338 1382 466 1441 circulus
490 1381 529 1440 sit
552 1381 644 1439 circu-

132 1470 179 1528 lus
207 1472 284 1546 uby,
317 1472 401 1530 cuius
433 1471 578 1529 diameter
605 1469 645 1528 sit

93 1569 118 1609 15
131 1559 211 1618 linea
239 1562 286 1635 by.
344 1561 512 1618 Producam
542 1559 645 1634 itaque

132 1648 311 1708 diametrum
345 1649 449 1708 circuli
485 1648 646 1706 secundum

131 1739 353 1812 rectitudinem,
390 1741 420 1796 et
451 1756 561 1812 ponam
598 1755 644 1795 su·

132 1846 186 1901 pra
215 1846 280 1884 eam
307 1829 453 1902 punctum
476 1828 508 1899 cl,
541 1845 559 1883 a
587 1845 644 1900 quo

132 1916 305 1990 protraham
329 1915 367 1972 ad
388 1914 645 1972 circonferentiam

92 2015 118 2053 20
133 2003 238 2062 circuli
265 2003 338 2061 duas
366 2004 460 2062 lineas
486 2005 525 2062 de
552 2007 583 2062 et
605 2005 645 2063 da

132 2091 170 2148 ad
202 2092 344 2151 inferiora
372 2092 487 2167 circuli,
520 2096 550 2152 et
576 2111 644 2168 pro·

132 2180 239 2238 ducam
282 2200 331 2240 eas
370 2200 464 2258 usque
507 2182 544 2240 ad
585 2181 644 2240 duo

131 2272 242 2345 puncta
270 2289 289 2329 a
317 2274 346 2329 et
373 2273 404 2345 le3
437 2275 468 2330 et
494 2271 645 2329 inveniam

132 2361 265 2417 centrum
310 2360 429 2435 circuli,
479 2360 560 2436 quod
605 2360 645 2418 sit

91 2457 117 2498 25
131 2451 275 2523 punctum
289 2454 311 2523 t3
331 2454 361 2508 et
379 2450 554 2525 protraham
571 2448 644 2508 duas

131 2537 389 2613 perpendiculares
409 2541 455 2613 tle,
470 2540 508 2612 tl3
529 2542 559 2596 et
576 2557 644 2596 con·

130 2625 253 2703 iungam
276 2628 335 2686 duo
363 2632 475 2704 puncta
499 2646 512 2686 e
540 2630 608 2687 eta
635 2623 723 2704 <cum
745 2630 857 2703 puncto
881 2623 912 2703 t>
940 2645 1008 2686 cum
1032 2626 1151 2688 duabus

130 2715 216 2774 lineis
240 2721 270 2775 te
296 2720 325 2775 et
348 2722 385 2776 ta.
432 2718 472 2775 Et
496 2716 567 2792 quia
590 2717 716 2795 angulus
740 2718 796 2775 det
818 2720 863 2775 est
887 2716 1072 2777 extrinsecus
1096 2718 1149 2776 tri·

131 2804 235 2881 anguli
258 2807 318 2880 elul,
345 2800 472 2884 <cuius>
500 2806 627 2882 angulus
652 2808 704 2864 clct
730 2805 788 2864 erit
810 2808 922 2880 rectus,
950 2824 1021 2883 ergo
1046 2824 1150 2866 secun-

91 2906 116 2945 30
131 2893 203 2952 dum
220 2894 427 2970 probationem
444 2895 537 2973 figure
557 2895 695 2954 vicesima
713 2895 808 2970 prime
826 2894 923 2970 partis
942 2894 1000 2952 erit
1020 2896 1150 2974 angulus

130 2985 185 3042 det
207 2984 302 3042 maior
325 2985 435 3061 angulo
461 2987 520 3058 alet,
544 3004 614 3060 ergo
638 2985 764 3061 angulus
785 2985 841 3042 det
863 2986 909 3042 est
932 3002 1098 3060 expansus,
1122 2989 1151 3044 et

130 3071 268 3130 similiter
291 3074 458 3148 ostendam,
485 3073 565 3148 quod
589 3074 717 3150 angulus
740 3074 797 3131 dat
819 3074 864 3131 est
887 3091 1049 3148 expansus:
1079 3092 1149 3152 ergo

131 3161 188 3220 duo
221 3162 365 3240 trianguli
397 3164 453 3220 dcl
484 3165 514 3220 et
546 3164 602 3221 dat
633 3165 703 3221 sunt
735 3160 918 3239 ambligonii.
970 3159 1030 3220 Sed
1061 3181 1150 3222 omne

132 3251 310 3324 quadratum
339 3251 455 3326 lateris,
489 3251 570 3327 quod
593 3250 782 3311 subtenditur
809 3249 916 3310 obtuso
944 3251 1071 3328 angulo,
1106 3255 1151 3312 est

91 3339 246 3414 coequalis
277 3340 478 3399 coniunctioni
506 3340 631 3399 duorum
662 3340 891 3416 quadratorum,
923 3359 980 3415 que
1007 3339 1089 3400 fiunt
1116 3361 1150 3400 ex

204 3533 245 3582 16.
265 3527 444 3599 diametrum]
464 3526 576 3581 lineam.
597 3560 629 3567 -
650 3534 692 3584 29.
713 3525 766 3582 erit
784 3528 877 3581 rectus
897 3529 1062 3584 estractus.
