2408 3848
122 188 165 252 82
412 187 577 242 ANARITII
596 184 853 242 COMMENTARII

120 350 232 414 lineam
255 358 308 431 ab,
332 360 362 415 et
384 359 558 431 protraxero
580 356 675 414 lineas
704 357 766 415 eled
793 357 824 413 et
847 371 884 428 ep
906 356 937 412 et
958 356 1001 414 da
1022 358 1056 413 et
1076 360 1144 430 etp,

120 448 151 504 et
168 449 342 520 protraxere
361 446 472 503 lineam
490 447 532 504 ab
551 446 712 503 secundum
725 443 935 502 rectitudinem
952 461 1049 519 usque
1068 444 1108 502 ad
1121 449 1142 520 t,

120 537 151 592 et
173 534 351 593 coniunxere
375 539 386 592 t
408 554 475 593 oum
498 535 523 609 b,
546 534 734 609 produoendo
753 533 864 591 lineam
881 533 928 591 te:
951 532 1017 591 dieo
1036 532 1143 610 igitur,

120 624 199 698 quod
222 625 303 682 otto
326 627 372 682 est
393 623 474 681 linea
495 624 592 698 reeta,
624 622 784 682 seeundum
811 621 892 697 quod
919 621 1000 679 linea
1029 627 1065 681 at
1093 625 1140 688 est

92 712 278 772 eooniuneu
300 712 378 770 linee
402 714 434 771 te
457 712 618 770 seeundum
640 711 857 770 rectitudinem.
902 710 1046 771 Probatio
1065 711 1139 770 eius.

120 798 267 870 Quoniam
289 801 422 877 positum
446 803 498 876 est,
523 801 602 876 quod
625 801 795 876 superficies
822 802 863 860 da
891 799 1007 874 equalis
1037 800 1141 859 existit

120 889 287 965 superficiei
311 908 356 964 ep,
380 891 438 948 erit
459 889 631 967 triangulus
655 892 719 950 dtr
742 888 858 964 equalis
884 888 1040 966 triangulo
1069 891 1139 964 opt.

118 978 279 1041 Assumam
309 982 410 1037 autem
441 979 628 1057 triangulum
658 981 721 1053 hya
749 997 946 1053 communem,
980 997 1051 1055 ergo
1079 979 1141 1037 erit

119 1067 288 1144 triangulus
316 1070 379 1142 dor
406 1069 520 1144 equalis
547 1063 743 1145 (triangulo)
772 1085 835 1141 eya.
887 1065 945 1125 Sed
976 1066 1035 1142 ipsi
1066 1071 1141 1126 sunt

79 1168 106 1206 10
120 1173 209 1232 super
231 1175 323 1215 unam
341 1157 444 1232 basim,
469 1177 527 1232 que
550 1159 596 1216 est
611 1175 660 1232 ῳ,
684 1160 714 1217 et
736 1157 816 1214 inter
838 1156 912 1214 duas
935 1155 1030 1214 lineas
1047 1174 1089 1230 pa
1109 1159 1141 1215 et

116 1955 163 2030 de,
187 1955 349 2014 seeundum
371 1954 577 2029 probationem
606 1955 700 2032 igitur
723 1955 818 2032 figure
838 1956 893 2014 39⁰
920 1954 1000 2013 linea
1021 1974 1063 2030 pa
1090 1962 1138 2017 est

115 2043 301 2118 equidistans
325 2044 402 2101 linea
425 2045 472 2103 de.
525 2042 583 2101 Sed
606 2045 686 2102 linea
715 2045 752 2102 ab
775 2047 820 2102 est
843 2044 959 2118 equalis
982 2044 1062 2103 linee
1084 2047 1138 2122 lod,

115 2131 195 2207 quod
217 2152 252 2190 ex
275 2133 331 2191 hoe
353 2133 545 2191 manifestum
569 2135 622 2208 est,
647 2131 789 2208 quoniam
811 2133 982 2209 triangulus
1004 2135 1067 2193 uelo
1090 2138 1138 2194 est

115 2221 230 2296 equalis
258 2221 410 2298 triangulo
439 2223 517 2296 dib,
550 2221 630 2297 quod
657 2221 794 2296 equidem
822 2224 939 2280 oonstat
970 2223 1136 2282 seeundum

75 2322 101 2360 15
115 2309 323 2385 probationem
345 2311 440 2388 figure
466 2313 520 2369 34θ
544 2330 610 2369 oum
633 2310 810 2386 probatione
832 2311 929 2388 ligure
953 2314 1021 2388 27⁰,
1045 2316 1077 2371 et
1100 2333 1137 2373 ex

113 2398 290 2473 probatione
300 2400 395 2476 figure
406 2402 469 2458 26⁰.
493 2399 550 2458 Sed
560 2400 721 2459 seeundum
730 2400 938 2475 probationem
947 2401 1134 2478 intentioniS,

115 2507 171 2562 que
194 2489 300 2546 harum
322 2489 525 2548 intentionum
544 2492 589 2547 est
612 2489 754 2565 secunda,
783 2489 862 2548 linea
888 2493 924 2563 pt
947 2493 992 2548 eet
1015 2493 1134 2567 equalis

112 2577 190 2636 linee
214 2582 255 2637 tr.
300 2577 394 2636 Linea
419 2597 539 2653 quoque
563 2580 600 2638 br
624 2582 668 2636 est
692 2578 807 2654 equalis
828 2579 883 2654 pt,
913 2579 992 2654 quod
1016 2583 1135 2642 oonstat

114 2685 149 2723 ex
181 2667 358 2741 probatione
389 2666 485 2744 figure
514 2669 581 2742 34⁰,
615 2687 685 2744 ergo
719 2667 775 2725 due
808 2667 886 2725 linee
915 2672 956 2743 tp,
986 2670 1030 2743 pb
1063 2673 1136 2728 sunt

72 2756 234 2830 inequales
263 2755 376 2814 duabus
404 2756 490 2814 lineis
518 2761 557 2832 rt,
582 2758 627 2830 bz,
651 2761 682 2814 et
705 2757 832 2834 angulus
862 2758 917 2816 bat
943 2759 989 2816 est
1017 2759 1133 2834 equalis

92 2845 224 2921 'angulo
242 2845 307 2920 aot,
332 2848 361 2903 et
378 2846 434 2904 hoo
453 2845 615 2903 seeundum
633 2845 840 2920 probationem
858 2845 952 2922 figure
973 2848 1036 2906 29⁶.
1075 2846 1134 2909 Sed

112 2934 274 2992 seeundum
296 2934 504 3010 probationem
530 2934 624 3010 figure
649 2937 756 3009 quarte
783 2933 862 2993 basis
887 2936 920 2993 bt
944 2937 989 2994 est
1015 2937 1134 3012 equalis

110 3021 177 3080 basi
199 3024 242 3098 rt,
267 3026 297 3080 et
320 3024 447 3101 angulus
472 3025 525 3082 ote
544 3026 589 3080 est
607 3023 723 3098 equalis
743 3023 852 3100 angulo
869 3025 935 3097 ptb.
972 3025 1134 3089 Assumam

112 3114 213 3169 autem
236 3113 379 3189 angulum
401 3114 457 3170 ata
485 3130 681 3186 communem,
712 3131 781 3189 ergo
810 3112 978 3172 coniunctio
1006 3114 1134 3173 duorum

71 3210 97 3250 2⁵
112 3201 289 3277 angulorum
306 3203 373 3275 θεὴ,
395 3203 451 3259 aa
470 3202 515 3259 est
535 3201 648 3276 equalis
669 3201 872 3260 ooniunotioni
891 3201 1019 3260 duorum
1038 3222 1133 3282 angu-
1158 3258 1161 3263 .

110 3289 207 3347 lorum
231 3292 292 3364 eu,
314 3291 377 3349 ztb.
421 3287 479 3346 Sed
508 3289 676 3349 ooniunotio
705 3290 832 3348 duorum
861 3291 1042 3368 angulorum
1066 3295 1135 3368 pti,

109 3379 165 3438 ate
187 3380 232 3437 est
256 3377 372 3453 equalis
396 3378 597 3437 coniunctioni
620 3379 747 3438 duorum
769 3383 920 3438 rectorum
944 3381 1135 3460 angulorum,

111 3486 180 3544 ergo
205 3467 375 3526 ooniunotio
399 3467 526 3526 duorum
556 3469 735 3545 angulorum
763 3470 829 3542 bta,
859 3470 914 3528 ate
942 3473 987 3528 est
1015 3472 1135 3546 equalis

111 3555 224 3615 duobus
247 3555 336 3615 reotis
360 3556 499 3634 angulis
533 3557 599 3614 Iam
622 3575 692 3634 ergo
715 3558 935 3632 protrahuntur
953 3577 971 3618 a
989 3551 1105 3636 puncto
1124 3566 1137 3620 t
