2408 3848
113 153 178 219 306
401 152 568 207 ANARlTll
586 149 843 207 commun

113 321 199 381 druto
223 341 256 396 a,
279 341 337 399 que
361 323 401 380 sit
423 320 591 398 superficies
613 322 710 396 μάθε,
738 323 769 379 θὴ
791 319 858 396 ipsa
879 319 921 379 eit
941 319 1034 378 radix
1054 324 1137 380 octo·

112 412 206 489 ginta,
230 411 313 470 cuiue
336 411 416 469 latus
440 409 603 468 secundum
626 412 672 469 est
692 427 745 484 qe,
768 429 824 484 que
847 409 888 467 sit
905 407 993 467 radix
1011 409 1137 488 viginti,

113 504 143 558 θὴ
175 500 358 576 adiungatur
391 499 430 556 ad
456 517 492 558 ze
518 498 688 574 superficies
715 499 755 557 ah
783 496 897 573 equalis
926 497 1082 572 quadrato
1111 500 1137 575 ὴ,

113 607 172 664 que
191 588 231 646 sit
251 584 254 666 Ι
274 588 360 646 radix
379 587 580 664 quadsaginta
598 587 740 662 quinque,
759 587 844 646 cuius
862 586 944 645 latus
964 587 1137 646 secundum
1153 597 1181 647 65

85 680 159 735 sest
189 677 237 752 eh,
268 696 326 752 que
356 676 396 734 sit
423 675 509 734 radix
537 676 673 735 undecim
701 677 732 734 et

113 768 228 841 quarte.
278 763 336 823 Sed
359 784 378 823 c
402 768 446 824 θεὴ
468 764 612 840 modialis,
635 767 666 823 et
685 765 730 839 qd

113 858 158 913 θεὴ
179 853 348 928 rationalis,
377 857 407 912 θὴ
434 853 615 929 quadratum
638 871 658 912 u
685 857 731 912 θεὴ

113 942 218 1018 equale
251 942 415 1018 supcfflciei
442 944 497 1001 de:
526 961 596 1020 ergo
617 959 657 1016 qe
685 944 730 1001 θεὴ

111 1029 269 1090 rationalis
287 1031 468 1107 inpotentia
491 1033 522 1090 θὴ
539 1032 675 1089 seiuncta
688 1032 730 1105 dy

71 1133 99 1172 1⁰
112 1120 144 1178 in
158 1120 353 1197 longitudine.
382 1119 473 1179 Sedu
487 1119 685 1179 communicat
699 1121 729 1178 b:

113 1227 183 1286 ergo
202 1208 383 1284 quadratum
402 1228 421 1267 u
440 1208 639 1268 communicat
657 1226 728 1284 qua-

113 1297 199 1357 drato
231 1299 256 1356 b.
317 1297 374 1356 Sed
410 1297 592 1373 quadratum
628 1315 648 1355 a
684 1300 730 1356 θεὴ

113 1387 220 1462 equale
252 1385 417 1462 superficiei
449 1387 502 1462 de,
541 1389 571 1444 et
603 1385 728 1461 quadra-

30 1507 33 1511 >
112 1479 177 1534 tum
191 1476 208 1534 b
228 1477 273 1533 est
286 1475 392 1551 equale
406 1474 570 1550 superficiei
583 1476 635 1534 alc:
659 1493 728 1551 ergo

72 1575 99 1618 ιε
113 1563 279 1641 superficies
291 1582 332 1638 qa
351 1564 548 1623 communicat
564 1563 730 1638 superficiei

111 1655 159 1728 alc,
178 1671 247 1730 ergo
260 1671 299 1727 cc
318 1653 517 1711 communicat
530 1653 567 1711 cll
585 1653 616 1709 in
634 1653 729 1730 longi·

112 1743 224 1800 tudine.
280 1739 338 1800 Sed
362 1758 403 1814 qe
434 1743 480 1800 est
510 1740 666 1799 rationalis
697 1741 730 1798 in

112 1831 248 1906 potentia
284 1833 315 1887 θὴ
344 1828 598 1887 incommunicans
626 1830 671 1903 qd
698 1829 729 1887 in

112 1917 312 1996 longitudine:
341 1936 410 1994 ergo
439 1918 476 1975 clu
504 1920 548 1975 θεὴ
574 1917 729 1976 rationalis

72 2019 100 2060 co
113 2007 145 2068 in
167 2005 303 2081 Potentia
326 2007 356 2063 θὴ
373 2005 626 2066 incommunicans
645 2007 729 2066 eain

113 2093 315 2172 longitudine,
347 2095 502 2171 quoniam,
534 2096 560 2154 si
585 2096 625 2154 lie
652 2097 729 2155 esset

113 2184 333 2243 communicans
376 2201 413 2244 ez
456 2184 488 2242 in
532 2184 728 2261 longitudine,

88 2274 199 2347 ‚.tunc,
231 2291 299 2331 cum
327 2291 368 2346 uc
399 2275 597 2332 communicat
628 2275 665 2333 ch
697 2274 729 2331 in
784 2241 906 2320 ——Q
1000 2302 1019 2356 9
1075 2317 1096 2324 -

113 2361 315 2438 longitudine,
342 2381 411 2439 orgo
432 2380 472 2436 qo
499 2364 731 2422 communicaret

73 2461 100 2502 2⁶
115 2467 149 2509 cc
180 2450 211 2508 in
238 2450 432 2528 longitudine.
495 2449 553 2509 Sed
580 2469 615 2512 cc
646 2455 691 2510 θεὴ
721 2452 837 2527 equalis
865 2451 1042 2531 [quadrato]
1070 2459 1136 2534 ud,

115 2557 185 2616 ergo
218 2557 258 2613 qo
298 2539 528 2598 communicaret
561 2542 608 2613 qd
648 2540 679 2598 in
715 2540 910 2618 longitndine.
971 2541 1030 2602 Sed
1067 2545 1136 2606 iam

34 2641 38 2650 ·
115 2631 266 2686 ostensum
305 2631 362 2703 θεὴ,
399 2628 478 2704 quod
509 2629 574 2704 ipsa
607 2632 652 2687 θεὴ
667 2623 670 2628 ’
684 2628 711 2686 ei
742 2629 1007 2706 incommunicans,
1047 2637 1134 2709 quod

87 2763 90 2772 ,
115 2717 252 2792 equidem
287 2717 469 2775 contrarium
506 2720 558 2776 θεὴ.
614 2717 694 2794 Ergo
727 2735 763 2778 cc
795 2721 825 2777 ct
857 2720 894 2778 ct
924 2719 957 2778 in
988 2724 1137 2796 potentia

114 2807 234 2863 tantum
257 2808 327 2863 sunt
350 2805 613 2881 communicantes,
637 2825 707 2882 ergo
730 2807 769 2866 alc
792 2810 837 2866 θεὴ
858 2809 1007 2885 ωθᾱίεὴὴε,
1032 2830 1133 2886 quare

75 2905 102 2946 ac
116 2893 196 2952 linco
224 2895 329 2968 potens
357 2912 447 2970 supra
473 2912 540 2953 eam
563 2897 608 2954 θεὴ
630 2895 779 2972 medialis,
807 2915 865 2972 que
889 2901 933 2956 θεὴ
956 2899 985 2956 b:
1013 2917 1087 2977 crgo
1115 2904 1133 2962 b

117 2977 333 3056 cst'medialis3
356 2986 387 3042 θὴ
408 2983 485 3042 illud
508 2986 560 3059 θεὴ,
585 2984 665 3059 quod
688 2984 889 3044 demonstrare
912 2986 1074 3048 voluimus.
1117 3031 1121 3036 -

154 3113 156 3118 -
205 3070 252 3129 Sit
270 3070 361 3129 ctiam
380 3090 399 3130 c
416 3072 551 3130 medialis
570 3073 789 3132 communicans
809 3075 825 3133 b
844 3074 1040 3151 inpotentia:
1061 3079 1134 3141 dico

116 3158 217 3234 igitur,
241 3159 321 3234 quod
344 3161 360 3218 b
384 3163 429 3219 θεὴ
450 3160 600 3237 medialis,
623 3161 703 3238 quod
726 3162 768 3222 sic
791 3162 1018 3223 demonstratur.
1065 3168 1132 3227 Ad-

116 3248 240 3324 iungam
268 3247 346 3305 enim
374 3249 412 3306 ad
436 3251 480 3323 qd
506 3251 684 3310 rationalem
711 3251 896 3327 superficiem
920 3271 960 3328 cz
988 3257 1133 3329 equalem

1079 1375 1098 1381 ¹
1107 1276 1133 1348 93⁵
1107 1050 1135 1258 amnon-⁶
1108 865 1136 1034 mvn-⁸
1082 832 1101 839 ¹

1106 2129 1134 2206 σε
1105 1883 1135 2093 emam-⁴
1106 1678 1135 1850 mvn-⁴
1078 1563 1098 1570 ¹

74 3457 211 3592 Δοᾱὴ.
228 3422 307 3516 Quod
321 3453 497 3520 quadratum.
513 3487 547 3496 —
563 3461 603 3512 13.
619 3456 735 3525 equalis.
751 3486 784 3498 -
801 3462 842 3512 18.
856 3459 902 3528 qb.
918 3486 951 3498 -—
967 3462 1008 3512 29.
1025 3464 1133 3536 quaro]
