2408 3848
119 164 183 229 278
406 165 571 220 ANARITII
589 163 846 218 COMMENTARII

116 353 183 391 rum
206 334 367 392 secundum
391 333 619 393 continuitatem
639 333 821 410 superfluum
839 333 986 392 intereos
1005 353 1070 392 non
1091 337 1140 392 est

116 441 255 480 numerus
279 422 453 497 quadratus.
500 421 591 482 Cuius
615 423 782 498 exemplum
807 425 865 500 est,
888 425 924 480 ul
947 422 1140 497 accipiamus

115 529 221 569 novem
244 513 274 569 et
297 513 435 587 quatuor.
480 510 547 570 Eril
572 531 641 589 ergo
666 511 855 587 superfluum,
879 511 958 586 quod
982 514 1030 569 est
1054 511 1139 570 inter

116 617 174 674 eoa,
199 599 338 675 quinque,
362 599 414 674 qui
437 603 482 658 est
505 619 564 659 non
587 601 760 676 quadralua
797 600 936 658 Dicemus
958 618 1031 676 ergo
1053 601 1138 676 quod

88 688 175 747 uduo
203 688 319 746 numeri
347 690 418 746 sunl
445 689 585 764 quadrati
613 693 643 747 et
669 692 767 749 totum
795 707 907 763 eorum,
932 688 1012 764 quod
1037 689 1073 746 fil
1099 709 1137 748 ex

115 796 218 836 eorum
250 777 477 853 aggregatione,
510 781 555 837 est
583 797 725 837 numerus
752 796 812 835 non
840 777 1012 853 quadratus.
1068 778 1138 838 Hoc

114 865 207 942 igilur
233 865 426 924 manifestum
454 868 499 924 eet
526 886 561 925 ex
587 867 685 943 prima
711 867 807 944 figura
835 865 1072 943 propositarum,
1103 867 1137 926 id

114 957 160 1012 esc
183 973 297 1029 earum,
321 974 379 1029 que
402 955 625 1030 premittunlur.

201 1043 429 1102 Antecedens
452 1044 572 1121 figure
596 1036 842 1120 duodecime1)

76 1143 102 1182 10
205 1131 363 1206 Lineam,
395 1134 496 1191 cuius
527 1133 743 1209 quadratum
770 1132 817 1190 sit
846 1132 974 1207 equale
1002 1151 1135 1208 super-

113 1221 204 1296 fluo,
233 1221 325 1296 quod
354 1225 408 1280 est
436 1222 535 1280 inler
562 1222 628 1280 duo
657 1221 834 1297 quadrata
862 1221 958 1295 dala,
987 1223 1027 1278 ut
1058 1223 1136 1281 sinl

114 1308 181 1367 duo
211 1310 403 1385 quadrata,
433 1330 582 1386 quorum
609 1331 716 1368 unum
739 1313 792 1368 esl
814 1312 949 1384 nolum,
978 1312 1013 1367 el
1038 1311 1136 1370 alte-

113 1417 191 1456 rum
219 1399 395 1476 ignotum,
428 1399 536 1458 simul
566 1398 918 1474 equalia'quadralo
946 1397 1045 1473 dato,
1079 1400 1136 1457 in·

113 1487 245 1546 venire.
293 1488 338 1546 Sil
364 1488 468 1563 itaque
496 1488 591 1546 maius
620 1490 661 1546 ab
685 1492 715 1545 ct
737 1487 836 1545 minus
856 1489 912 1561 gel:
936 1487 1003 1546 volo
1027 1491 1137 1547 aulem

72 2349 97 2388 1⁵
114 2336 222 2395 addere
246 2355 334 2413 super
357 2336 538 2413 quadietum
558 2339 615 2412 gel,
640 2337 827 2414 quadratum,
851 2338 943 2397 donec
966 2337 1006 2396 sil
1025 2341 1132 2398 tolum

111 2426 217 2501 equale
254 2425 401 2501 quadrato
439 2428 489 2485 nb.
538 2426 712 2485 Describam
744 2446 813 2504 ergo
845 2426 956 2485 lineam
988 2428 1133 2501 equalem

182 2599 223 2648 10.
242 2594 338 2649 Linea.
358 2627 392 2634 -
412 2601 454 2650 13.
474 2593 568 2666 simul]
588 2594 696 2650 similia.

181 2756 206 2822 1)
225 2753 361 2808 Eucmnus
380 2755 413 2821 X,
434 2761 466 2807 12
487 2754 638 2824 (Caurium
658 2755 938 2823 X,13;Hic1ncac1os
958 2755 990 2824 X,
1008 2759 1066 2824 NJ:
1094 2758 1130 2813 Si

108 2826 213 2893 fuerint
231 2827 282 2880 elne
301 2827 369 2880 linee
387 2826 533 2894 lnegnnlee,
553 2843 670 2896 gnarum
688 2826 836 2896 longiorem
853 2828 885 2881 in
898 2828 953 2881 elno
971 2831 1126 2882 communi-

108 2896 202 2950 cnnle‘o
220 2897 327 2951 elloidal
344 2898 498 2966 sngerficlee
515 2898 568 2951 sili
586 2897 719 2952 adiuncto
737 2898 841 2966 egnnle's
854 2904 949 2966 gnome
960 2904 1040 2966 pente
1055 2916 1126 2967 gna-

109 2968 185 3021 drnll
198 2969 326 3022 brevioris
340 2969 417 3034 linee,
435 2969 481 3022 cne'
495 2969 622 3023 adiuncto
635 2969 787 3038 superficiei
800 2968 869 3023 <lesit
886 2970 924 3023 ml
937 2969 1128 3037 complendum

108 3044 192 3092 lolam
219 3039 320 3092 lineam
345 3040 500 3108 superficies
526 3040 677 3108 gnodnnla,
704 3055 807 3094 incesse
829 3045 880 3106 eet,
907 3041 997 3108 lgenm
1020 3040 1127 3097 lineam

109 3109 256 3179 longiorem
275 3110 348 3164 linea
367 3111 483 3164 breviori
501 3117 577 3166 lnnto
595 3111 715 3180 amplius
730 3127 821 3179 posce,
844 3117 978 3193 gnnntnm
996 3117 1034 3165 eal
1053 3129 1124 3180 gna-

109 3181 219 3234 dsrnlnm
237 3181 357 3235 alicuine
375 3181 444 3236 linae
464 3182 688 3236 communicantis
710 3183 795 3236 eidem
814 3181 965 3251 longiori
953 3199 984 3235 en
1003 3183 1126 3252 longitn-

108 3252 180 3305 dine.
209 3251 241 3306 Sl
253 3268 314 3306 cero
332 3253 417 3318 fuerit
431 3252 537 3335 longior
550 3255 689 3322 potentior
702 3253 818 3308 breviori
831 3259 975 3322 augmento
989 3255 1127 3322 quadrati

109 3323 177 3376 llnee
195 3324 394 3377 communicant
395 3323 418 3377 is
383 3323 519 3377 tslol'
507 3340 539 3376 m
553 3323 639 3394 longit
628 3324 732 3389 tudine,
751 3324 887 3393 odiwngal
886 3341 972 3392 mgne
986 3326 1011 3378 el
1028 3341 1125 3393 snper-

107 3395 181 3460 fim'ea
198 3394 278 3462 egnnl
278 3394 302 3448 is
320 3401 415 3463 gncrle
430 3401 512 3462 ponte
529 3395 660 3462 gnodrmi
673 3395 803 3449 brevioris
817 3395 894 3461 linae,
912 3411 958 3449 em
953 3395 1111 3450 'declina
1030 3402 1124 3464 lna-g

109 3466 191 3519 drale
217 3465 384 3533 superficies,
414 3466 583 3534 superficiem
609 3467 663 3520 sibl
689 3466 850 3521 adtamen
880 3465 993 3533 eundem
1021 3466 1127 3522 lineam

109 3535 256 3606 longiorem
274 3537 305 3590 e'n
323 3537 394 3591 olnae
409 3537 547 3605 portiones
561 3536 813 3592 commensmabilee
826 3536 946 3592 dividere
960 3553 1063 3592 necesse
1075 3545 1124 3594 est.
