<?xml version="1.0" encoding="UTF-8"?>
<!DOCTYPE html PUBLIC "-//W3C//DTD XHTML 1.0 Transitional//EN"
    "http://www.w3.org/TR/xhtml1/DTD/xhtml1-transitional.dtd">
<html xmlns="http://www.w3.org/1999/xhtml" xml:lang="en" lang="en">
 <head>
  <title>
</title>
<meta http-equiv="Content-Type" content="text/html;charset=utf-8" />
  <meta name='ocr-system' content='tesseract 3.04.00' />
  <meta name='ocr-capabilities' content='ocr_page ocr_carea ocr_par ocr_line ocrx_word'/>
</head>
<body>
  <div class='ocr_page' id='page_1' title='image "./euclidisoperaom18unkngoog/euclidisoperaom18unkngoog_0417.png"; bbox 0 0 2408 3848; ppageno 0'>
   <div class='ocr_carea' id='block_1_1' title="bbox 108 151 835 218">
    <p class='ocr_par' dir='ltr' id='par_1_1' title="bbox 108 151 835 218">
     <span class='ocr_line' id='line_1_1' title="bbox 108 151 835 218; baseline -0.018 0"><span class='ocrx_word' id='word_1_1' title='bbox 108 153 173 218; x_wconf 84' lang='lat'>380</span> <span class='ocrx_word' id='word_1_2' title='bbox 395 153 560 208; x_wconf 81' lang='lat' dir='ltr'><strong>ANARITII</strong></span> <span class='ocrx_word' id='word_1_3' title='bbox 578 151 835 208; x_wconf 77' lang='lat' dir='ltr'><strong>COMMENTARII</strong></span> 
     </span>
    </p>
   </div>
   <div class='ocr_carea' id='block_1_2' title="bbox 70 320 1129 2441">
    <p class='ocr_par' dir='ltr' id='par_1_2' title="bbox 70 320 1128 1626">
     <span class='ocr_line' id='line_1_2' title="bbox 108 320 1124 398; baseline 0 -18"><span class='ocrx_word' id='word_1_4' title='bbox 108 325 147 381; x_wconf 93' lang='lat' dir='ltr'>sit</span> <span class='ocrx_word' id='word_1_5' title='bbox 177 323 263 381; x_wconf 80' lang='lat' dir='ltr'>radix</span> <span class='ocrx_word' id='word_1_6' title='bbox 296 324 338 382; x_wconf 89' lang='lat'>80</span> <span class='ocrx_word' id='word_1_7' title='bbox 371 323 482 398; x_wconf 90' lang='lat' dir='ltr'>absque</span> <span class='ocrx_word' id='word_1_8' title='bbox 513 323 612 381; x_wconf 82' lang='lat' dir='ltr'>radice</span> <span class='ocrx_word' id='word_1_9' title='bbox 645 323 701 397; x_wconf 78' lang='lat'>48,</span> <span class='ocrx_word' id='word_1_10' title='bbox 733 325 763 380; x_wconf 98' lang='grc' dir='ltr'><strong>εὴ</strong></span> <span class='ocrx_word' id='word_1_11' title='bbox 790 340 969 398; x_wconf 72' lang='lat' dir='ltr'>unaqueque</span> <span class='ocrx_word' id='word_1_12' title='bbox 997 320 1124 380; x_wconf 90' lang='lat' dir='ltr'>duarum</span> 
     </span>
     <span class='ocr_line' id='line_1_3' title="bbox 107 410 1120 487; baseline 0.002 -19"><span class='ocrx_word' id='word_1_13' title='bbox 107 413 255 470; x_wconf 90' lang='lat' dir='ltr'>linearum</span> <span class='ocrx_word' id='word_1_14' title='bbox 283 430 324 485; x_wconf 80' lang='lat' dir='ltr'>qe</span> <span class='ocrx_word' id='word_1_15' title='bbox 356 415 386 470; x_wconf 91' lang='lat' dir='ltr'>et</span> <span class='ocrx_word' id='word_1_16' title='bbox 418 413 457 470; x_wconf 85' lang='lat' dir='ltr'>ed</span> <span class='ocrx_word' id='word_1_17' title='bbox 488 412 528 470; x_wconf 86' lang='lat' dir='ltr'>sit</span> <span class='ocrx_word' id='word_1_18' title='bbox 559 410 644 470; x_wconf 85' lang='lat' dir='ltr'>radix</span> <span class='ocrx_word' id='word_1_19' title='bbox 673 413 706 486; x_wconf 80' lang='lat'>2,</span> <span class='ocrx_word' id='word_1_20' title='bbox 738 413 768 468; x_wconf 87' lang='lat' dir='ltr'>et</span> <span class='ocrx_word' id='word_1_21' title='bbox 790 429 969 487; x_wconf 89' lang='lat' dir='ltr'>unaqueque</span> <span class='ocrx_word' id='word_1_22' title='bbox 997 410 1120 470; x_wconf 86' lang='lat' dir='ltr'>duarum</span> 
     </span>
     <span class='ocr_line' id='line_1_4' title="bbox 108 495 1124 578; baseline -0.002 -19"><span class='ocrx_word' id='word_1_23' title='bbox 108 500 328 576; x_wconf 83' lang='lat' dir='ltr'>superficierum</span> <span class='ocrx_word' id='word_1_24' title='bbox 355 495 430 578; x_wconf 75' lang='lat' dir='ltr'>(qk,</span> <span class='ocrx_word' id='word_1_25' title='bbox 456 496 520 578; x_wconf 86' lang='lat' dir='ltr'>kd&gt;</span> <span class='ocrx_word' id='word_1_26' title='bbox 547 502 588 559; x_wconf 89' lang='lat' dir='ltr'>sit</span> <span class='ocrx_word' id='word_1_27' title='bbox 614 498 699 558; x_wconf 81' lang='lat' dir='ltr'><strong>radix</strong></span> <span class='ocrx_word' id='word_1_28' title='bbox 727 501 783 574; x_wconf 83' lang='lat'>32,</span> <span class='ocrx_word' id='word_1_29' title='bbox 810 502 840 558; x_wconf 90' lang='lat' dir='ltr'>et</span> <span class='ocrx_word' id='word_1_30' title='bbox 863 519 934 558; x_wconf 86' lang='lat' dir='ltr'>area</span> <span class='ocrx_word' id='word_1_31' title='bbox 957 500 1124 576; x_wconf 78' lang='lat' dir='ltr'>superficiei</span> 
     </span>
     <span class='ocr_line' id='line_1_5' title="bbox 108 587 1124 664; baseline 0 -16"><span class='ocrx_word' id='word_1_32' title='bbox 108 591 148 648; x_wconf 88' lang='lat' dir='ltr'>sit</span> <span class='ocrx_word' id='word_1_33' title='bbox 170 591 255 648; x_wconf 76' lang='lat' dir='ltr'>radix</span> <span class='ocrx_word' id='word_1_34' title='bbox 281 590 354 663; x_wconf 88' lang='lat'>180,</span> <span class='ocrx_word' id='word_1_35' title='bbox 377 592 407 647; x_wconf 91' lang='lat' dir='ltr'>et</span> <span class='ocrx_word' id='word_1_36' title='bbox 430 608 500 647; x_wconf 90' lang='lat' dir='ltr'>area</span> <span class='ocrx_word' id='word_1_37' title='bbox 523 589 662 664; x_wconf 87' lang='lat' dir='ltr'>quadrati</span> <span class='ocrx_word' id='word_1_38' title='bbox 685 589 726 647; x_wconf 85' lang='lat' dir='ltr'>sit</span> <span class='ocrx_word' id='word_1_39' title='bbox 747 587 832 647; x_wconf 84' lang='lat' dir='ltr'>radix</span> <span class='ocrx_word' id='word_1_40' title='bbox 857 590 899 649; x_wconf 88' lang='lat'>80</span> <span class='ocrx_word' id='word_1_41' title='bbox 918 591 949 647; x_wconf 90' lang='lat' dir='ltr'>et</span> <span class='ocrx_word' id='word_1_42' title='bbox 967 588 1055 647; x_wconf 84' lang='lat' dir='ltr'><strong>radix</strong></span> <span class='ocrx_word' id='word_1_43' title='bbox 1073 591 1124 648; x_wconf 83' lang='grc'>48.</span> 
     </span>
     <span class='ocr_line' id='line_1_6' title="bbox 82 677 1126 754; baseline 0.002 -18"><span class='ocrx_word' id='word_1_44' title='bbox 82 679 149 738; x_wconf 78' lang='lat' dir='ltr'>5Et</span> <span class='ocrx_word' id='word_1_45' title='bbox 177 678 332 754; x_wconf 81' lang='lat' dir='ltr'><strong>disponam</strong></span> <span class='ocrx_word' id='word_1_46' title='bbox 360 677 609 753; x_wconf 83' lang='lat' dir='ltr'>quemadmodum</span> <span class='ocrx_word' id='word_1_47' title='bbox 636 678 770 753; x_wconf 77' lang='lat' dir='ltr'>disposui</span> <span class='ocrx_word' id='word_1_48' title='bbox 797 695 876 752; x_wconf 88' lang='lat' dir='ltr'>eam,</span> <span class='ocrx_word' id='word_1_49' title='bbox 904 697 964 753; x_wconf 90' lang='lat' dir='ltr'>que</span> <span class='ocrx_word' id='word_1_50' title='bbox 987 681 1126 738; x_wconf 87' lang='lat' dir='ltr'>estante</span> 
     </span>
     <span class='ocr_line' id='line_1_7' title="bbox 108 767 1124 844; baseline 0.001 -19"><span class='ocrx_word' id='word_1_51' title='bbox 108 769 213 843; x_wconf 88' lang='lat' dir='ltr'>ipsam.</span> <span class='ocrx_word' id='word_1_52' title='bbox 259 767 315 824; x_wconf 83' lang='lat' dir='ltr'>Est</span> <span class='ocrx_word' id='word_1_53' title='bbox 343 785 413 844; x_wconf 90' lang='lat' dir='ltr'>ergo</span> <span class='ocrx_word' id='word_1_54' title='bbox 440 785 478 841; x_wconf 86' lang='lat' dir='ltr'>sq</span> <span class='ocrx_word' id='word_1_55' title='bbox 500 771 606 843; x_wconf 88' lang='lat' dir='ltr'>potens</span> <span class='ocrx_word' id='word_1_56' title='bbox 629 785 719 842; x_wconf 88' lang='lat' dir='ltr'>supra</span> <span class='ocrx_word' id='word_1_57' title='bbox 742 768 795 841; x_wconf 85' lang='lat' dir='ltr'>bq;</span> <span class='ocrx_word' id='word_1_58' title='bbox 822 770 853 825; x_wconf 84' lang='lat' dir='ltr'>et</span> <span class='ocrx_word' id='word_1_59' title='bbox 874 767 926 841; x_wconf 82' lang='lat' dir='ltr'>ks,</span> <span class='ocrx_word' id='word_1_60' title='bbox 953 768 995 840; x_wconf 98' lang='lat' dir='ltr'>kq</span> <span class='ocrx_word' id='word_1_61' title='bbox 1017 767 1051 825; x_wconf 91' lang='lat' dir='ltr'>in</span> <span class='ocrx_word' id='word_1_62' title='bbox 1073 786 1124 843; x_wconf 94' lang='lat' dir='ltr'>po-</span> 
     </span>
     <span class='ocr_line' id='line_1_8' title="bbox 108 855 1125 931; baseline 0 -17"><span class='ocrx_word' id='word_1_63' title='bbox 108 856 204 914; x_wconf 90' lang='lat' dir='ltr'>tentia</span> <span class='ocrx_word' id='word_1_64' title='bbox 236 859 306 913; x_wconf 89' lang='lat' dir='ltr'>sunt</span> <span class='ocrx_word' id='word_1_65' title='bbox 336 855 633 931; x_wconf 86' lang='lat' dir='ltr'>inoommunieantes,</span> <span class='ocrx_word' id='word_1_66' title='bbox 666 858 697 914; x_wconf 89' lang='lat' dir='ltr'>et</span> <span class='ocrx_word' id='word_1_67' title='bbox 728 855 786 914; x_wconf 90' lang='lat' dir='ltr'>duo</span> <span class='ocrx_word' id='word_1_68' title='bbox 820 856 968 931; x_wconf 85' lang='lat' dir='ltr'>quadrata</span> <span class='ocrx_word' id='word_1_69' title='bbox 999 857 1053 930; x_wconf 74' lang='lat' dir='ltr'>ke,</span> <span class='ocrx_word' id='word_1_70' title='bbox 1085 858 1125 930; x_wconf 92' lang='lat' dir='ltr'>kq</span> 
     </span>
     <span class='ocr_line' id='line_1_9' title="bbox 111 943 1126 1020; baseline 0 -18"><span class='ocrx_word' id='word_1_71' title='bbox 111 945 268 1002; x_wconf 82' lang='lat' dir='ltr'>coniuncta</span> <span class='ocrx_word' id='word_1_72' title='bbox 291 947 360 1002; x_wconf 90' lang='lat' dir='ltr'>sunt</span> <span class='ocrx_word' id='word_1_73' title='bbox 382 945 518 1020; x_wconf 90' lang='lat' dir='ltr'>mediale,</span> <span class='ocrx_word' id='word_1_74' title='bbox 542 947 572 1002; x_wconf 89' lang='lat' dir='ltr'>et</span> <span class='ocrx_word' id='word_1_75' title='bbox 594 944 718 1020; x_wconf 93' lang='lat' dir='ltr'>duplum</span> <span class='ocrx_word' id='word_1_76' title='bbox 740 945 778 1004; x_wconf 87' lang='lat' dir='ltr'>ks</span> <span class='ocrx_word' id='word_1_77' title='bbox 800 943 832 1002; x_wconf 88' lang='lat' dir='ltr'>in</span> <span class='ocrx_word' id='word_1_78' title='bbox 854 945 895 1018; x_wconf 89' lang='lat' dir='ltr'>kq</span> <span class='ocrx_word' id='word_1_79' title='bbox 918 947 965 1003; x_wconf 92' lang='lat' dir='ltr'>est</span> <span class='ocrx_word' id='word_1_80' title='bbox 981 945 1126 1019; x_wconf 87' lang='lat' dir='ltr'>mediale;</span> 
     </span>
     <span class='ocr_line' id='line_1_10' title="bbox 112 1033 1128 1111; baseline 0.001 -20"><span class='ocrx_word' id='word_1_81' title='bbox 112 1037 142 1091; x_wconf 86' lang='lat' dir='ltr'>et</span> <span class='ocrx_word' id='word_1_82' title='bbox 165 1035 209 1092; x_wconf 85' lang='lat' dir='ltr'>od</span> <span class='ocrx_word' id='word_1_83' title='bbox 227 1035 459 1092; x_wconf 84' lang='lat' dir='ltr'>incommunioat</span> <span class='ocrx_word' id='word_1_84' title='bbox 476 1036 519 1107; x_wconf 64' lang='grc' dir='ltr'>ἀρ</span> <span class='ocrx_word' id='word_1_85' title='bbox 535 1034 567 1091; x_wconf 92' lang='lat' dir='ltr'>in</span> <span class='ocrx_word' id='word_1_86' title='bbox 585 1033 784 1110; x_wconf 77' lang='lat' dir='ltr'>longitudine:</span> <span class='ocrx_word' id='word_1_87' title='bbox 808 1052 879 1110; x_wconf 84' lang='lat' dir='ltr'>ergo</span> <span class='ocrx_word' id='word_1_88' title='bbox 898 1035 940 1092; x_wconf 88' lang='lat' dir='ltr'>bd</span> <span class='ocrx_word' id='word_1_89' title='bbox 959 1034 1128 1111; x_wconf 83' lang='lat' dir='ltr'>seiungitur</span> 
     </span>
     <span class='ocr_line' id='line_1_11' title="bbox 70 1121 1126 1198; baseline 0.001 -18"><span class='ocrx_word' id='word_1_90' title='bbox 70 1135 95 1173; x_wconf 94' lang='lat'>10</span> <span class='ocrx_word' id='word_1_91' title='bbox 110 1123 156 1194; x_wconf 77' lang='lat' dir='ltr'>ds.</span> <span class='ocrx_word' id='word_1_92' title='bbox 208 1121 266 1180; x_wconf 82' lang='lat' dir='ltr'>Sed</span> <span class='ocrx_word' id='word_1_93' title='bbox 299 1124 341 1182; x_wconf 84' lang='lat' dir='ltr'>bd</span> <span class='ocrx_word' id='word_1_94' title='bbox 369 1125 415 1180; x_wconf 85' lang='lat' dir='ltr'>est</span> <span class='ocrx_word' id='word_1_95' title='bbox 441 1123 555 1198; x_wconf 86' lang='lat' dir='ltr'>equalis</span> <span class='ocrx_word' id='word_1_96' title='bbox 583 1122 696 1181; x_wconf 91' lang='lat' dir='ltr'>duobus</span> <span class='ocrx_word' id='word_1_97' title='bbox 724 1122 879 1198; x_wconf 84' lang='lat' dir='ltr'>quadratis</span> <span class='ocrx_word' id='word_1_98' title='bbox 905 1123 957 1197; x_wconf 74' lang='lat' dir='ltr'>ko,</span> <span class='ocrx_word' id='word_1_99' title='bbox 988 1123 1031 1197; x_wconf 91' lang='lat' dir='ltr'>kq</span> <span class='ocrx_word' id='word_1_100' title='bbox 1059 1141 1126 1181; x_wconf 89' lang='lat' dir='ltr'>eon-</span> 
     </span>
     <span class='ocr_line' id='line_1_12' title="bbox 100 1210 1125 1288; baseline 0.002 -20"><span class='ocrx_word' id='word_1_101' title='bbox 100 1210 227 1286; x_wconf 55' lang='lat' dir='ltr'>&lt;iunotis,</span> <span class='ocrx_word' id='word_1_102' title='bbox 253 1213 282 1269; x_wconf 90' lang='lat' dir='ltr'>et</span> <span class='ocrx_word' id='word_1_103' title='bbox 305 1213 348 1285; x_wconf 78' lang='lat' dir='ltr'>df</span> <span class='ocrx_word' id='word_1_104' title='bbox 366 1215 411 1270; x_wconf 90' lang='lat' dir='ltr'>est</span> <span class='ocrx_word' id='word_1_105' title='bbox 433 1212 547 1287; x_wconf 85' lang='lat' dir='ltr'>equalis</span> <span class='ocrx_word' id='word_1_106' title='bbox 570 1212 661 1287; x_wconf 88' lang='lat' dir='ltr'>duplo</span> <span class='ocrx_word' id='word_1_107' title='bbox 683 1212 721 1269; x_wconf 85' lang='lat' dir='ltr'>ks</span> <span class='ocrx_word' id='word_1_108' title='bbox 743 1212 776 1269; x_wconf 90' lang='lat' dir='ltr'>in</span> <span class='ocrx_word' id='word_1_109' title='bbox 797 1212 851 1286; x_wconf 89' lang='lat' dir='ltr'>kq:</span> <span class='ocrx_word' id='word_1_110' title='bbox 874 1229 945 1288; x_wconf 83' lang='lat' dir='ltr'>ergo</span> <span class='ocrx_word' id='word_1_111' title='bbox 969 1211 1029 1270; x_wconf 91' lang='lat' dir='ltr'>duo</span> <span class='ocrx_word' id='word_1_112' title='bbox 1054 1231 1125 1288; x_wconf 89' lang='lat' dir='ltr'>qua-</span> 
     </span>
     <span class='ocr_line' id='line_1_13' title="bbox 109 1295 1126 1378; baseline 0.003 -22"><span class='ocrx_word' id='word_1_113' title='bbox 109 1299 196 1358; x_wconf 88' lang='lat' dir='ltr'>drata</span> <span class='ocrx_word' id='word_1_114' title='bbox 219 1301 266 1375; x_wconf 85' lang='lat' dir='ltr'>ks,</span> <span class='ocrx_word' id='word_1_115' title='bbox 288 1301 330 1373; x_wconf 89' lang='lat' dir='ltr'>kq</span> <span class='ocrx_word' id='word_1_116' title='bbox 353 1295 510 1359; x_wconf 80' lang='lat' dir='ltr'>coniuncta</span> <span class='ocrx_word' id='word_1_117' title='bbox 528 1300 724 1378; x_wconf 85' lang='lat' dir='ltr'>seiunguntur</span> <span class='ocrx_word' id='word_1_118' title='bbox 742 1300 832 1376; x_wconf 92' lang='lat' dir='ltr'>duplo</span> <span class='ocrx_word' id='word_1_119' title='bbox 850 1300 889 1359; x_wconf 85' lang='lat' dir='ltr'>ks</span> <span class='ocrx_word' id='word_1_120' title='bbox 906 1300 939 1358; x_wconf 94' lang='lat' dir='ltr'>in</span> <span class='ocrx_word' id='word_1_121' title='bbox 957 1300 1007 1374; x_wconf 90' lang='lat' dir='ltr'>kq.</span> <span class='ocrx_word' id='word_1_122' title='bbox 1045 1302 1126 1378; x_wconf 82' lang='lat' dir='ltr'>Ergo</span> 
     </span>
     <span class='ocr_line' id='line_1_14' title="bbox 110 1388 1127 1464; baseline 0.002 -18"><span class='ocrx_word' id='word_1_123' title='bbox 110 1406 147 1461; x_wconf 90' lang='lat' dir='ltr'>sq</span> <span class='ocrx_word' id='word_1_124' title='bbox 171 1392 215 1447; x_wconf 88' lang='lat' dir='ltr'>est</span> <span class='ocrx_word' id='word_1_125' title='bbox 237 1389 278 1464; x_wconf 93' lang='lat' dir='ltr'>id,</span> <span class='ocrx_word' id='word_1_126' title='bbox 301 1389 380 1464; x_wconf 92' lang='lat' dir='ltr'>quod</span> <span class='ocrx_word' id='word_1_127' title='bbox 404 1389 592 1448; x_wconf 87' lang='lat' dir='ltr'>ooniunotum</span> <span class='ocrx_word' id='word_1_128' title='bbox 616 1408 682 1447; x_wconf 90' lang='lat' dir='ltr'>oum</span> <span class='ocrx_word' id='word_1_129' title='bbox 704 1388 826 1446; x_wconf 88' lang='lat' dir='ltr'>mediali</span> <span class='ocrx_word' id='word_1_130' title='bbox 847 1388 922 1447; x_wconf 81' lang='lat' dir='ltr'>facit</span> <span class='ocrx_word' id='word_1_131' title='bbox 943 1391 1044 1447; x_wconf 88' lang='lat' dir='ltr'>totum</span> <span class='ocrx_word' id='word_1_132' title='bbox 1066 1409 1127 1448; x_wconf 89' lang='lat' dir='ltr'>me-</span> 
     </span>
     <span class='ocr_line' id='line_1_15' title="bbox 109 1477 1128 1555; baseline 0.003 -21"><span class='ocrx_word' id='word_1_133' title='bbox 109 1477 201 1552; x_wconf 90' lang='lat' dir='ltr'>diale,</span> <span class='ocrx_word' id='word_1_134' title='bbox 234 1481 263 1536; x_wconf 89' lang='lat' dir='ltr'>et</span> <span class='ocrx_word' id='word_1_135' title='bbox 292 1477 358 1553; x_wconf 90' lang='lat' dir='ltr'>ipsa</span> <span class='ocrx_word' id='word_1_136' title='bbox 386 1481 431 1537; x_wconf 90' lang='lat' dir='ltr'>est</span> <span class='ocrx_word' id='word_1_137' title='bbox 457 1482 562 1555; x_wconf 87' lang='lat' dir='ltr'>potens</span> <span class='ocrx_word' id='word_1_138' title='bbox 592 1497 682 1554; x_wconf 85' lang='lat' dir='ltr'>supra</span> <span class='ocrx_word' id='word_1_139' title='bbox 709 1480 760 1552; x_wconf 70' lang='lat' dir='ltr'>kq,</span> <span class='ocrx_word' id='word_1_140' title='bbox 794 1481 825 1535; x_wconf 88' lang='lat' dir='ltr'>et</span> <span class='ocrx_word' id='word_1_141' title='bbox 850 1477 926 1535; x_wconf 90' lang='lat' dir='ltr'>illud</span> <span class='ocrx_word' id='word_1_142' title='bbox 954 1480 1011 1553; x_wconf 90' lang='lat' dir='ltr'>est,</span> <span class='ocrx_word' id='word_1_143' title='bbox 1046 1479 1128 1554; x_wconf 93' lang='lat' dir='ltr'>quod</span> 
     </span>
     <span class='ocr_line' id='line_1_16' title="bbox 70 1566 591 1626; baseline 0.01 -6"><span class='ocrx_word' id='word_1_144' title='bbox 70 1580 96 1620; x_wconf 85' lang='lat'>15</span> <span class='ocrx_word' id='word_1_145' title='bbox 114 1566 315 1624; x_wconf 90' lang='lat' dir='ltr'>demonstrare</span> <span class='ocrx_word' id='word_1_146' title='bbox 338 1567 494 1626; x_wconf 89' lang='lat' dir='ltr'>voluimus.</span> <span class='ocrx_word' id='word_1_147' title='bbox 585 1593 591 1603; x_wconf 91' lang='lat'><em>·</em></span> 
     </span>
    </p>

    <p class='ocr_par' dir='ltr' id='par_1_3' title="bbox 111 1655 1128 1996">
     <span class='ocr_line' id='line_1_17' title="bbox 199 1655 1128 1731; baseline 0.001 -17"><span class='ocrx_word' id='word_1_148' title='bbox 199 1655 300 1731; x_wconf 89' lang='lat' dir='ltr'>Usque</span> <span class='ocrx_word' id='word_1_149' title='bbox 328 1657 367 1713; x_wconf 90' lang='lat' dir='ltr'>ad</span> <span class='ocrx_word' id='word_1_150' title='bbox 393 1657 473 1715; x_wconf 88' lang='lat' dir='ltr'>huno</span> <span class='ocrx_word' id='word_1_151' title='bbox 499 1657 597 1714; x_wconf 84' lang='lat' dir='ltr'>locum</span> <span class='ocrx_word' id='word_1_152' title='bbox 624 1655 693 1714; x_wconf 87' lang='lat' dir='ltr'>libri</span> <span class='ocrx_word' id='word_1_153' title='bbox 721 1655 936 1715; x_wconf 86' lang='lat' dir='ltr'>deelaravimus</span> <span class='ocrx_word' id='word_1_154' title='bbox 968 1655 1031 1713; x_wconf 93' lang='lat' dir='ltr'>iam</span> <span class='ocrx_word' id='word_1_155' title='bbox 1064 1675 1128 1715; x_wconf 90' lang='lat' dir='ltr'>esse</span> 
     </span>
     <span class='ocr_line' id='line_1_18' title="bbox 112 1735 1127 1820; baseline 0.001 -18"><span class='ocrx_word' id='word_1_156' title='bbox 112 1762 162 1802; x_wconf 83' lang='lat' dir='ltr'>sex</span> <span class='ocrx_word' id='word_1_157' title='bbox 198 1745 358 1818; x_wconf 86' lang='lat' dir='ltr'>linearum,</span> <span class='ocrx_word' id='word_1_158' title='bbox 396 1748 425 1802; x_wconf 89' lang='lat' dir='ltr'>et</span> <span class='ocrx_word' id='word_1_159' title='bbox 462 1735 676 1804; x_wconf 82' lang='lat' dir='ltr'>coniunctionis</span> <span class='ocrx_word' id='word_1_160' title='bbox 714 1763 830 1819; x_wconf 85' lang='lat' dir='ltr'>earum,</span> <span class='ocrx_word' id='word_1_161' title='bbox 866 1746 896 1802; x_wconf 89' lang='lat' dir='ltr'>et</span> <span class='ocrx_word' id='word_1_162' title='bbox 927 1746 1127 1820; x_wconf 80' lang='lat' dir='ltr'>separationis</span> 
     </span>
     <span class='ocr_line' id='line_1_19' title="bbox 112 1832 1127 1908; baseline 0.002 -18"><span class='ocrx_word' id='word_1_163' title='bbox 112 1851 226 1908; x_wconf 89' lang='lat' dir='ltr'>earum,</span> <span class='ocrx_word' id='word_1_164' title='bbox 255 1836 285 1890; x_wconf 91' lang='lat' dir='ltr'>et</span> <span class='ocrx_word' id='word_1_165' title='bbox 307 1833 442 1891; x_wconf 82' lang='lat' dir='ltr'>radicum</span> <span class='ocrx_word' id='word_1_166' title='bbox 465 1852 580 1907; x_wconf 90' lang='lat' dir='ltr'>earum,</span> <span class='ocrx_word' id='word_1_167' title='bbox 608 1836 638 1890; x_wconf 89' lang='lat' dir='ltr'>et</span> <span class='ocrx_word' id='word_1_168' title='bbox 660 1852 710 1892; x_wconf 86' lang='lat' dir='ltr'>sex</span> <span class='ocrx_word' id='word_1_169' title='bbox 732 1832 878 1908; x_wconf 88' lang='lat' dir='ltr'>binomia,</span> <span class='ocrx_word' id='word_1_170' title='bbox 903 1835 933 1890; x_wconf 91' lang='lat' dir='ltr'>et</span> <span class='ocrx_word' id='word_1_171' title='bbox 956 1852 1059 1892; x_wconf 88' lang='lat' dir='ltr'>eorum</span> <span class='ocrx_word' id='word_1_172' title='bbox 1081 1854 1127 1892; x_wconf 94' lang='lat' dir='ltr'>re-</span> 
     </span>
     <span class='ocr_line' id='line_1_20' title="bbox 111 1920 1127 1996; baseline 0.004 -18"><span class='ocrx_word' id='word_1_173' title='bbox 111 1922 205 1995; x_wconf 90' lang='lat' dir='ltr'>sidua,</span> <span class='ocrx_word' id='word_1_174' title='bbox 229 1925 260 1979; x_wconf 87' lang='lat' dir='ltr'>et</span> <span class='ocrx_word' id='word_1_175' title='bbox 282 1920 452 1996; x_wconf 81' lang='lat' dir='ltr'>superficies</span> <span class='ocrx_word' id='word_1_176' title='bbox 476 1940 586 1980; x_wconf 87' lang='lat' dir='ltr'>eorum.</span> <span class='ocrx_word' id='word_1_177' title='bbox 627 1922 714 1981; x_wconf 82' lang='lat' dir='ltr'>Nunc</span> <span class='ocrx_word' id='word_1_178' title='bbox 737 1940 807 1982; x_wconf 90' lang='lat' dir='ltr'>vero</span> <span class='ocrx_word' id='word_1_179' title='bbox 831 1921 1033 1981; x_wconf 86' lang='lat' dir='ltr'>ordinabimus</span> <span class='ocrx_word' id='word_1_180' title='bbox 1058 1941 1127 1982; x_wconf 87' lang='lat' dir='ltr'>oon·</span> 
     </span>
    </p>

    <p class='ocr_par' dir='ltr' id='par_1_4' title="bbox 71 2009 1129 2441">
     <span class='ocr_line' id='line_1_21' title="bbox 71 2009 1129 2086; baseline 0.006 -21"><span class='ocrx_word' id='word_1_181' title='bbox 71 2024 97 2064; x_wconf 75' lang='lat' dir='ltr'>no</span> <span class='ocrx_word' id='word_1_182' title='bbox 111 2009 212 2067; x_wconf 84' lang='lat' dir='ltr'>iuncta</span> <span class='ocrx_word' id='word_1_183' title='bbox 241 2012 271 2067; x_wconf 85' lang='lat' dir='ltr'>et</span> <span class='ocrx_word' id='word_1_184' title='bbox 298 2013 436 2085; x_wconf 84' lang='lat' dir='ltr'>separata</span> <span class='ocrx_word' id='word_1_185' title='bbox 465 2013 495 2068; x_wconf 92' lang='lat' dir='ltr'>et</span> <span class='ocrx_word' id='word_1_186' title='bbox 522 2011 636 2070; x_wconf 82' lang='lat' dir='ltr'>radices</span> <span class='ocrx_word' id='word_1_187' title='bbox 658 2010 691 2069; x_wconf 88' lang='lat' dir='ltr'>in</span> <span class='ocrx_word' id='word_1_188' title='bbox 712 2011 778 2070; x_wconf 87' lang='lat' dir='ltr'>loeo</span> <span class='ocrx_word' id='word_1_189' title='bbox 800 2029 859 2069; x_wconf 90' lang='lat' dir='ltr'>uno</span> <span class='ocrx_word' id='word_1_190' title='bbox 881 2010 940 2086; x_wconf 86' lang='lat' dir='ltr'>ita,</span> <span class='ocrx_word' id='word_1_191' title='bbox 967 2014 1002 2069; x_wconf 88' lang='lat' dir='ltr'>ut</span> <span class='ocrx_word' id='word_1_192' title='bbox 1024 2013 1129 2071; x_wconf 89' lang='lat' dir='ltr'>sensui</span> 
     </span>
     <span class='ocr_line' id='line_1_22' title="bbox 110 2098 1125 2176; baseline 0.005 -21"><span class='ocrx_word' id='word_1_193' title='bbox 110 2098 295 2173; x_wconf 85' lang='lat' dir='ltr'>subiaceant,</span> <span class='ocrx_word' id='word_1_194' title='bbox 328 2102 358 2156; x_wconf 90' lang='lat' dir='ltr'>et</span> <span class='ocrx_word' id='word_1_195' title='bbox 388 2102 456 2174; x_wconf 87' lang='lat' dir='ltr'>post</span> <span class='ocrx_word' id='word_1_196' title='bbox 487 2100 543 2159; x_wconf 87' lang='lat' dir='ltr'>hoo</span> <span class='ocrx_word' id='word_1_197' title='bbox 575 2103 787 2176; x_wconf 79' lang='lat' dir='ltr'>consequenter</span> <span class='ocrx_word' id='word_1_198' title='bbox 819 2099 1021 2159; x_wconf 88' lang='lat' dir='ltr'>ordinabimus</span> <span class='ocrx_word' id='word_1_199' title='bbox 1055 2120 1125 2160; x_wconf 90' lang='lat' dir='ltr'>eon-</span> 
     </span>
     <span class='ocr_line' id='line_1_23' title="bbox 110 2187 1127 2266; baseline 0.002 -20"><span class='ocrx_word' id='word_1_200' title='bbox 110 2187 275 2246; x_wconf 85' lang='lat' dir='ltr'>versionem</span> <span class='ocrx_word' id='word_1_201' title='bbox 296 2206 347 2246; x_wconf 84' lang='lat' dir='ltr'>sex</span> <span class='ocrx_word' id='word_1_202' title='bbox 365 2188 594 2265; x_wconf 80' lang='lat' dir='ltr'>superficierum,</span> <span class='ocrx_word' id='word_1_203' title='bbox 617 2210 673 2264; x_wconf 90' lang='lat' dir='ltr'>que</span> <span class='ocrx_word' id='word_1_204' title='bbox 691 2192 904 2266; x_wconf 78' lang='lat' dir='ltr'>precesserunt.</span> <span class='ocrx_word' id='word_1_205' title='bbox 944 2189 1003 2248; x_wconf 89' lang='lat' dir='ltr'>Hie</span> <span class='ocrx_word' id='word_1_206' title='bbox 1021 2193 1127 2249; x_wconf 90' lang='lat' dir='ltr'>autem</span> 
     </span>
     <span class='ocr_line' id='line_1_24' title="bbox 97 2272 1128 2355; baseline 0.001 -19"><span class='ocrx_word' id='word_1_207' title='bbox 97 2272 182 2336; x_wconf 51' lang='lat' dir='ltr'>‘ordo</span> <span class='ocrx_word' id='word_1_208' title='bbox 211 2278 267 2335; x_wconf 87' lang='lat' dir='ltr'>erit</span> <span class='ocrx_word' id='word_1_209' title='bbox 295 2277 455 2336; x_wconf 87' lang='lat' dir='ltr'>seeundum</span> <span class='ocrx_word' id='word_1_210' title='bbox 481 2280 730 2354; x_wconf 74' lang='lat' dir='ltr'>numerationem,</span> <span class='ocrx_word' id='word_1_211' title='bbox 763 2278 924 2336; x_wconf 83' lang='lat' dir='ltr'>seeundum</span> <span class='ocrx_word' id='word_1_212' title='bbox 952 2278 1031 2353; x_wconf 91' lang='lat' dir='ltr'>quod</span> <span class='ocrx_word' id='word_1_213' title='bbox 1060 2299 1128 2355; x_wconf 89' lang='lat' dir='ltr'>pre-</span> 
     </span>
     <span class='ocr_line' id='line_1_25' title="bbox 112 2367 1127 2441; baseline 0.002 -17"><span class='ocrx_word' id='word_1_214' title='bbox 112 2367 212 2441; x_wconf 84' lang='lat' dir='ltr'>cessit,</span> <span class='ocrx_word' id='word_1_215' title='bbox 241 2369 270 2424; x_wconf 89' lang='lat' dir='ltr'>et</span> <span class='ocrx_word' id='word_1_216' title='bbox 296 2367 443 2426; x_wconf 88' lang='lat' dir='ltr'>reiterabo</span> <span class='ocrx_word' id='word_1_217' title='bbox 471 2367 547 2425; x_wconf 91' lang='lat' dir='ltr'>illud</span> <span class='ocrx_word' id='word_1_218' title='bbox 575 2367 737 2426; x_wconf 86' lang='lat' dir='ltr'>seeundum</span> <span class='ocrx_word' id='word_1_219' title='bbox 765 2367 898 2425; x_wconf 91' lang='lat' dir='ltr'>ordinem</span> <span class='ocrx_word' id='word_1_220' title='bbox 925 2386 1127 2426; x_wconf 90' lang='lat' dir='ltr'>numerorum.</span> 
     </span>
    </p>
   </div>
   <div class='ocr_carea' id='block_1_3' title="bbox 109 2569 1129 2698">
    <p class='ocr_par' dir='ltr' id='par_1_5' title="bbox 109 2569 1129 2698">
     <span class='ocr_line' id='line_1_26' title="bbox 109 2569 1129 2693; baseline 0.004 -70"><span class='ocrx_word' id='word_1_221' title='bbox 109 2578 212 2693; x_wconf 40' lang='lat' dir='ltr'>namq&amp;</span> <span class='ocrx_word' id='word_1_222' title='bbox 234 2572 303 2667; x_wconf 53' lang='lat'>380]</span> <span class='ocrx_word' id='word_1_223' title='bbox 333 2576 374 2625; x_wconf 79' lang='lat'>20.</span> <span class='ocrx_word' id='word_1_224' title='bbox 403 2603 437 2610; x_wconf 98' lang='lat'><strong>—</strong></span> <span class='ocrx_word' id='word_1_225' title='bbox 465 2577 508 2626; x_wconf 82' lang='lat'>21.</span> <span class='ocrx_word' id='word_1_226' title='bbox 537 2569 724 2639; x_wconf 83' lang='lat' dir='ltr'>consequitur.</span> <span class='ocrx_word' id='word_1_227' title='bbox 754 2603 787 2612; x_wconf 92' lang='lat'>-</span> <span class='ocrx_word' id='word_1_228' title='bbox 819 2577 860 2626; x_wconf 75' lang='lat'>23.</span> <span class='ocrx_word' id='word_1_229' title='bbox 888 2571 1129 2646; x_wconf 87' lang='lat' dir='ltr'>numerationem]</span> 
     </span>
     <span class='ocr_line' id='line_1_27' title="bbox 212 2659 253 2698; baseline 0.122 -5"><span class='ocrx_word' id='word_1_230' title='bbox 212 2659 253 2698; x_wconf 90' lang='lat' dir='ltr'>n.</span> 
     </span>
    </p>
   </div>
   <div class='ocr_carea' id='block_1_4' title="bbox 0 0 1214 3848">
    <p class='ocr_par' dir='ltr' id='par_1_6' title="bbox 0 0 1214 3848">
     <span class='ocr_line' id='line_1_28' title="bbox 0 0 1214 3848; baseline 0 0"><span class='ocrx_word' id='word_1_231' title='bbox 0 0 1214 3848; x_wconf 95' lang='lat' dir='ltr'> </span> 
     </span>
    </p>
   </div>
  </div>
 </body>
</html>
