2408 3848
116 162 160 225 64
402 162 567 216 ANARITH
585 160 842 216 COMMENTARII

115 332 259 406 angulum
285 349 309 390 a
354 330 546 389 Manifestum
574 334 619 389 est
641 329 745 407 igitur,
774 330 853 406 quod
876 330 933 388 duo
957 331 1054 389 latera
1078 333 1129 406 ab,

116 437 158 493 op
194 419 367 494 cooperiunt
403 420 462 478 duo
494 419 590 477 latera
622 421 673 497 dc,
711 438 752 479 er.
813 418 846 477 Si
877 419 956 477 enim
989 419 1129 478 ceciderit

115 511 260 583 punctum
292 528 311 568 a
342 503 513 585 <exterius>
546 507 583 566 ad
616 507 842 567 similitudinem
872 509 976 584 puncti
1010 513 1032 584 t,
1072 509 1130 568 erit

116 1405 244 1480 angulus
275 1409 338 1480 aet,
376 1405 489 1464 scilicet
522 1403 648 1480 angulus
681 1405 757 1478 obp,
790 1402 886 1462 maior
913 1405 1024 1482 angulo
1059 1408 1130 1465 aad.

86 1491 174 1551 cSed
194 1493 255 1552 iam
277 1493 337 1551 fuit
360 1494 388 1551 ei
411 1493 534 1568 equalis,
559 1493 639 1567 quod
663 1494 707 1550 est
730 1492 912 1550 contrarium
936 1496 966 1551 et
988 1494 1130 1569 impossi-

114 1581 182 1640 bile.
232 1582 274 1640 Et
305 1583 331 1641 si
364 1582 502 1640 ceciderit
530 1580 611 1638 intra
642 1581 840 1658 triangulum,
874 1582 1131 1656 quemadmodum

114 1669 192 1728 linee
216 1673 262 1749 cll,
285 1672 333 1747 ha,
357 1671 414 1728 erit
437 1670 566 1746 angulus
589 1671 650 1728 aad
671 1669 767 1727 maior
790 1671 901 1746 angulo
915 1671 986 1746 lter,
1012 1671 1130 1731 scilicet

116 1760 226 1837 angulo
251 1761 323 1834 obp.
376 1759 433 1816 Sed
465 1759 526 1815 iam
558 1758 617 1816 fuit
649 1758 677 1816 ei
709 1759 837 1833 equaliS‚
870 1759 950 1834 quod
984 1762 1128 1838 estgccn·

114 1848 243 1906 trarium
266 1850 296 1905 et
319 1846 511 1922 impossibile.

75 1953 101 1992 rc
183 1935 241 1994 Sed
264 1936 289 1994 si
312 1935 402 1993 huius
424 1935 517 2011 figure
541 1934 640 1992 addite
663 1935 761 2012 figura
784 1935 922 1995 vicesima
945 1939 1027 1995 sexte
1052 1956 1129 2014 opus

114 2023 206 2081 fuerit
224 2024 301 2082 sicut
320 2042 392 2099 opus
411 2024 506 2101 figure
526 2026 641 2099 quarte,
664 2024 774 2101 absque
793 2024 883 2083 dubio
903 2025 1129 2086 contrarietatis

113 2115 179 2171 tum
201 2113 393 2171 manifestum
416 2113 481 2188 erit,
504 2113 584 2188 quod
603 2113 731 2190 angulus
750 2115 766 2172 b
786 2113 918 2189 cooperit
938 2114 1086 2190 angulum
1106 2134 1128 2191 c,

115 2204 145 2259 et
168 2202 331 2278 angulusp
354 2202 486 2277 cooperit
509 2202 653 2278 angulum
674 2220 698 2277 a,
723 2205 753 2260 et
775 2221 844 2260 cum
865 2202 918 2261 isti
941 2203 999 2261 duo
1020 2205 1129 2282 anguli

114 2291 289 2365 cooperiunt
316 2291 390 2349 duos
419 2291 543 2367 angulos
568 2309 594 2365 a,
617 2309 645 2366 a,
674 2293 704 2348 et
730 2291 810 2350 latus
834 2293 873 2364 by
901 2293 1128 2368 suprapositum

74 2393 100 2433 15
113 2379 202 2436 lateri
225 2397 259 2439 ea
287 2380 419 2455 cooperit
444 2381 555 2455 ipsum:
584 2400 653 2456 ergo
678 2379 736 2439 duo
760 2379 878 2455 reliqua
900 2381 998 2438 latera
1022 2399 1126 2458 super·

113 2468 212 2543 posita
231 2469 346 2528 duobus
369 2468 491 2544 reliquis
514 2468 658 2527 lateribus
682 2469 855 2544 cooperiunt
877 2468 956 2543 ipsa,
984 2470 1127 2546 quodque

113 2557 227 2615 scilicet
250 2576 335 2616 suum
352 2559 525 2633 relativum,
550 2560 580 2614 et
598 2557 724 2634 angulus
744 2576 762 2616 α
781 2557 914 2632 cooperit
932 2559 1079 2634 angulum
1098 2561 1126 2633 d,

114 2648 143 2703 et
172 2645 342 2722 triangulus
374 2646 506 2722 cooperit
537 2647 735 2723 triangulum3
773 2648 803 2704 et
834 2646 912 2703 illud
945 2649 1002 2722 est,
1042 2648 1127 2722 quod

114 2734 315 2794 demonstrare
339 2736 498 2796 voluimus.

72 2836 99 2876 ac
179 2822 343 2900 Postquam
371 2844 440 2901 ergo
472 2824 527 2883 hoc
558 2824 712 2883 theorema
739 2823 847 2882 scitum
873 2821 979 2898 fuerit,
1012 2823 1127 2882 scietur

112 2911 281 2987 probatio
304 2913 418 2990 figure
443 2916 544 2971 sexte
574 2913 684 2987 absque
712 2905 930 2989 <angulissub
954 2911 1019 2969 basi
1043 2914 1125 2988 posi·

112 2996 183 3079 riq>
215 3003 287 3076 quia
315 3002 409 3060 omnis
437 3002 494 3060 erit
525 3001 704 3059 huiusmodi.
765 2999 847 3058 (lum
888 3001 956 3059 duo
989 3001 1126 3077 anguli

114 3090 269 3149 alicuius
310 3090 488 3168 trianguli
529 3093 612 3148 sunt
649 3090 810 3165 equales,
847 3091 934 3148 tunc
965 3089 1042 3164 ipse
1069 3094 1127 3150 est

113 3179 259 3237 duorum
283 3180 462 3254 equalium
488 3179 650 3237 laterum.
693 3178 829 3254 Exempli
853 3196 943 3236 causa
966 3177 1005 3236 sit
1028 3179 1124 3238 trian-

72 3277 100 3319 25
113 3268 199 3344 gulus
215 3270 286 3345 obp,
305 3262 358 3345 <et
372 3266 431 3343 sit>
449 3268 593 3346 trianguli
612 3262 782 3344 (angulus)
798 3269 862 3341 obp
880 3266 997 3342 equalis
1013 3269 1125 3346 angulo

113 3359 189 3431 ayt·
215 3357 288 3430 dico,
312 3358 391 3432 quod
413 3358 494 3416 latus
514 3359 555 3416 ab
579 3359 624 3415 est
647 3356 752 3430 equale
774 3357 862 3414 lateri
886 3375 936 3430 ap.
979 3355 1125 3416 Probatio

113 3445 186 3520 eius,
210 3445 351 3521 quoniam
378 3446 510 3505 dividam
537 3445 595 3504 duo
624 3445 721 3503 latera
744 3446 794 3521 bd,
817 3462 862 3520 ep,
886 3446 916 3502 et
938 3463 1063 3521 ponam,
1089 3450 1126 3504 ut

112 3533 173 3592 sint
196 3535 323 3611 aqualia,
347 3536 377 3593 et
399 3535 573 3610 protraham
595 3533 670 3592 duas
693 3533 789 3592 lineas
808 3535 852 3609 be,
870 3535 921 3608 qd.
963 3533 1031 3594 Duo
1052 3553 1126 3612 ergo
