2408 3848
399 149 449 204 AD
467 148 653 205 asculum
670 149 737 205 LIB.
751 149 784 204 X.
1024 151 1087 217 311

80 319 161 396 Ergo
184 317 269 378 radix
291 317 399 378 radicis
422 319 513 378 trium
535 319 568 377 in
589 318 719 379 radicem
740 319 849 379 radicis
872 319 1027 380 duodecim
1045 324 1092 382 est

79 407 165 466 radix
193 406 302 466 radicis
331 406 457 484 triginta
486 425 548 482 sex,
578 427 635 483 qne
665 410 710 467 est
739 407 823 467 radix
850 426 912 484 ser,
939 409 1089 484 medialis3

77 496 144 555 dico
168 496 271 573 igitur,
295 495 376 571 quod
397 495 455 555 dne
478 496 555 555 lineo
578 498 599 555 d
621 498 651 555 et
674 499 785 572 esunt,
808 498 913 572 quales
931 497 1089 574 voluimus,

79 584 160 660 quod
182 585 224 643 sic
242 584 394 660 probatur.
436 582 513 654 Quia
531 586 610 644 enim
628 604 648 644 a
664 588 764 661 potest
782 604 874 662 supra
889 605 909 660 9
926 587 1089 646 secundum

79 676 274 751 augmentum
293 673 433 748 quadrati
450 674 538 749 lineo,
555 674 604 734 cui
621 674 789 751 seiungitur
807 693 827 734 a
844 675 876 734 in
889 675 1088 752 longitudine:
1114 687 1130 728 ὁ

80 782 149 840 crgo
182 764 202 821 d
233 765 333 837 potest
364 780 455 838 snpra
487 781 502 821 c
532 762 695 822 secuudum
724 767 917 840 augmentum
946 765 1089 840 quadrati

79 853 164 926 linae,
189 852 236 910 cui
259 851 489 911 incommunicat
510 853 531 912 d
553 852 585 910 in
607 851 803 928 longitudine.
840 851 898 911 Sed
920 872 940 912 o
963 857 993 912 et
1016 855 1033 912 b
1055 855 1088 913 in

78 940 213 1016 potentia
239 942 360 999 tantum
386 943 458 1000 sunt
483 940 645 1000 rationales
672 942 703 998 et
725 941 989 1002 communicantes:
1017 962 1087 1020 ergo

76 1028 262 1104 superficies,
288 1048 345 1105 que
368 1027 403 1087 fit
425 1047 460 1087 ex
483 1047 503 1088 a
524 1030 557 1087 in
580 1030 596 1088 b
620 1031 665 1087 est
686 1029 840 1088 medialis„
874 1028 933 1089 Sed
954 1031 1020 1106 ipsa
1043 1035 1087 1090 est

78 1117 192 1194 aqualis
216 1117 363 1193 quadrato
384 1119 418 1191 d,
441 1136 511 1195 ergo
534 1117 715 1194 quadratum
738 1119 758 1177 d
781 1121 826 1177 est
848 1119 986 1178 mediale:
1016 1133 1128 1197 ergone

77 1209 98 1266 d
121 1209 166 1265 est
187 1207 331 1266 medialis
372 1205 528 1284 Propertio
552 1225 622 1266 vero
644 1225 664 1266 a
682 1205 721 1265 ad
736 1225 756 1281 9
774 1210 820 1266 est
838 1206 916 1267 sicut
933 1208 1086 1284 proportio

78 1296 98 1353 d
126 1295 164 1354 ad
191 1312 214 1354 c.
260 1293 318 1354 Sed
341 1314 359 1353 a
381 1296 580 1355 communicat
600 1314 620 1370 9
642 1296 674 1354 in
696 1296 845 1372 potentia:
873 1314 942 1373 ergo
966 1298 986 1356 d
1009 1315 1086 1357 com·

77 1384 211 1442 manicat
238 1401 253 1442 a
279 1383 310 1442 in
336 1384 479 1459 potentia.
530 1383 589 1444 Sed
616 1386 636 1444 d
663 1388 709 1444 est
734 1384 882 1460 medialis,
911 1403 981 1462 ergo
1005 1403 1019 1443 c
1041 1388 1087 1444 est

76 1472 225 1545 medialis;
249 1475 280 1530 et
302 1471 566 1554 etiem-proportio
589 1491 609 1531 a
632 1473 671 1533 ad
690 1492 712 1548 9
733 1476 779 1533 est
800 1472 879 1532 siout
896 1474 1048 1549 proportio
1066 1475 1087 1533 d

75 1561 115 1620 ad
142 1579 164 1620 c.
210 1561 236 1619 Ε
264 1579 404 1622 converso
432 1579 503 1638 ergo
528 1561 681 1637 proportio
705 1579 725 1620 a
747 1560 786 1620 ad
807 1563 828 1620 d
851 1563 897 1620 est
918 1561 997 1620 sicut
1017 1573 1128 1638 pro-rs

75 1650 174 1726 portio
194 1668 215 1724 9
237 1649 276 1708 ad
299 1667 321 1708 e.
363 1648 421 1709 Sed
442 1649 596 1726 proportio
619 1668 639 1709 a
661 1647 700 1708 ad
722 1651 742 1708 d
765 1652 811 1709 est
832 1650 910 1710 siout
932 1651 1085 1726 proportio

76 1742 95 1798 cl
118 1739 157 1798 ad
180 1740 209 1798 b:
237 1758 307 1815 ergo
335 1737 489 1815 proportio
516 1739 536 1797 d
559 1737 597 1798 ad
621 1739 637 1798 b
660 1739 707 1798 est
728 1737 808 1798 sicut
829 1740 985 1815 proportio
1004 1757 1027 1812 9
1048 1739 1087 1799 ad

76 1847 103 1902 c,
132 1847 201 1904 ergo
230 1826 398 1903 superficies
427 1829 447 1887 d
473 1826 505 1885 in
533 1845 547 1885 e
570 1829 616 1885 est
639 1827 753 1903 equalis
777 1827 943 1903 superficiei
965 1829 982 1886 b
1005 1828 1036 1885 in
1057 1846 1084 1902 9.

75 1915 253 1991 Superfieies
275 1935 345 1975 vero
369 1917 386 1976 b
408 1915 441 1974 in
461 1935 481 1991 9
504 1919 548 1975 est
570 1915 714 1992 medialis,
737 1935 808 1994 ergo
827 1916 995 1992 superficies
1014 1917 1035 1976 d
1053 1917 1085 1975 in

76 2023 91 2062 e
115 2009 159 2063 est
182 2004 326 2063 medialis.
363 2005 443 2082 Ergo
467 2004 523 2064 due
542 2004 619 2063 linee
638 2006 658 2064 d
675 2007 706 2064 et
724 2023 738 2064 e
756 2008 827 2064 sunt
844 2005 994 2079 mediales,
1012 1999 1084 2083 <et>
1099 2017 1127 2058 ro

75 2093 107 2149 in
139 2093 274 2167 potentia
304 2095 425 2151 tantum
451 2096 522 2153 sunt
549 2094 812 2170 communicantes,
842 2096 872 2152 et
899 2093 1084 2152 continentes

76 2180 262 2255 superficiem
284 2183 304 2240 d
326 2180 358 2238 in
381 2199 396 2240 c
416 2181 586 2254 medialem3
615 2184 645 2240 et
667 2185 766 2257 potest
788 2183 808 2241 d
830 2199 921 2257 supra
944 2199 959 2240 c
980 2200 1083 2241 secun-

75 2269 146 2327 dum
183 2271 374 2346 augmentum
411 2269 549 2345 quadrati
582 2270 660 2327 lineo
692 2270 968 2329 incommunieantis
1000 2272 1021 2330 d
1052 2271 1085 2330 in

75 2357 276 2435 longitudine,
305 2357 384 2432 quod
410 2357 486 2416 illud
513 2359 571 2431 est,
598 2357 678 2433 quod
701 2357 902 2418 demonstrare
924 2358 1083 2430 voluimus.

164 2446 237 2505 Post
267 2445 323 2504 hoo
354 2448 455 2505 autem
487 2445 565 2521 dico,
597 2446 690 2522 quod,
722 2465 788 2504 cum
820 2436 1012 2522 voluerimus,
1048 2451 1083 2507 ut
1097 2459 1126 2500 2⁶

73 2535 234 2595 seeundum
265 2534 384 2612 regulas
415 2553 605 2593 numerorum
632 2537 846 2613 pertractemus
874 2537 934 2596 tres
961 2535 1082 2614 figuras,

73 2644 130 2700 que
158 2626 229 2683 sunt
256 2623 396 2682 vicesima
425 2615 561 2701 quinta¹)
591 2627 622 2683 et
648 2623 787 2683 vicesima
810 2611 926 2704 sexti⁹)
950 2628 981 2683 et
1003 2625 1082 2684 vices

71 2713 148 2772 sima
171 2703 340 2792 septima⁰),
362 2711 495 2771 dividam
516 2713 626 2772 lineam
649 2713 813 2790 longiorem
836 2733 938 2773 earum
955 2712 1081 2774 induas

72 2801 216 2860 sectiones
239 2801 293 2876 ita,
315 2803 350 2859 nt
372 2801 413 2860 sit
433 2801 644 2878 multiplicatio
667 2801 755 2860 nnius
778 2821 879 2864 aarum
901 2803 933 2862 in
954 2803 1082 2863 alteram

72 2922 286 2932 ——-·-—-—-—

144 2993 185 3042 15.
205 2987 242 3041 Et
260 3003 402 3042 converso.
422 3019 457 3028 —
475 2993 517 3043 28.
536 2987 567 3042 in
584 2987 747 3058 longiorem.

143 3167 169 3235 1)
197 3164 333 3219 Eudamus
356 3165 394 3234 X,
413 3171 447 3220 lb
475 3165 626 3236 (Gauranos
648 3166 686 3236 X,
706 3171 753 3234 273
781 3165 948 3221 Hararrams
967 3166 1004 3234 X,
1024 3169 1079 3234 33).

73 3235 144 3290 Vide
161 3254 188 3305 p.
203 3242 256 3290 284
273 3238 331 3291 not.
347 3242 370 3292 1.
829 3283 831 3286 ψ

142 3310 169 3376 2)
196 3306 332 3362 Eudamus
353 3306 392 3377 X,
411 3313 445 3362 26
472 3306 623 3377 (Omeros
646 3307 685 3375 X,
704 3313 752 3376 283
780 3308 947 3363 Hnmrasms
966 3306 1003 3375 Χ,
1023 3309 1081 3377 34),

71 3376 143 3431 Vide
161 3395 188 3446 p.
204 3381 256 3431 284
273 3380 331 3432 not.
347 3384 371 3431 2.

142 3451 169 3514 3)
196 3447 332 3501 Eudamus
355 3447 393 3516 X,
412 3454 445 3502 27
473 3446 623 3517 (Claranus
646 3449 685 3516 X,
704 3453 751 3514 293
779 3448 946 3502 Hrmnsorns
965 3447 1003 3517 X,
1022 3451 1081 3512 35]ss

70 3516 143 3570 Vide
161 3535 189 3586 p.
204 3523 257 3571 284
273 3520 332 3573 not.
348 3523 372 3573 3.
