2408 3848
401 123 452 178 AD
471 123 656 179 EUCLIDEM
674 125 741 178 LIB.
757 125 777 180 Ι.
1054 125 1096 190 85

78 313 116 351 ex
141 294 183 351 ab
208 296 237 351 et
260 311 309 367 oy.
355 293 496 352 Probatio
521 293 591 352 eius.
638 292 785 363 Quoniam
808 295 987 353 constituam
1011 315 1100 372 supra

77 383 193 441 lineam
212 384 253 441 ab
272 382 454 458 quadratum
473 385 567 458 aeolb,
587 386 617 441 et
634 383 807 458 protraham
825 383 936 442 lineam
950 403 992 458 oy
1005 405 1099 462 usque

78 471 121 530 ad
145 474 288 546 punetum
310 490 327 532 a
350 475 380 530 et
402 491 521 547 ponam,
543 476 578 530 ut
600 472 680 530 linea
705 490 740 532 ea
758 473 798 530 sit
821 474 933 548 equalis
952 475 1029 533 linee
1049 494 1099 552 oy,

78 565 111 620 et
136 560 316 619 constituam
339 579 429 636 supra
452 562 562 619 lineam
591 579 625 621 ea
652 562 833 637 quadratum
862 564 946 638 eolat,
975 567 1006 622 et
1031 584 1098 639 pro·

77 651 189 708 ducam
203 651 261 708 ult
275 650 412 725 equalem
427 668 476 724 oq.
505 651 546 708 Et
559 651 630 726 quia
645 669 687 725 oq
700 654 853 726 protracta
868 655 913 710 est
927 653 1041 727 equalis
1057 672 1100 730 ea,
1127 664 1140 704 5

77 759 152 816 ergo
172 757 239 796 oum
257 739 453 798 minuerimus
473 758 660 799 communem
680 758 724 816 eq,
743 740 909 799 remanebit
928 760 967 800 oe
985 744 1100 817 equalis

75 847 127 902 aq.
180 826 237 885 sed
267 847 308 887 oe
336 831 381 886 est
409 829 523 904 equalis
553 831 608 902 ob,
637 848 707 904 ergo
735 829 815 887 linea
843 832 884 888 ab
913 834 958 888 est
985 827 1100 906 equalis

74 919 158 976 linee
184 934 232 990 qa.
287 917 327 975 Et
355 917 447 976 etiam
470 920 513 977 dle
535 921 688 994 protracta
716 919 774 976 fuit
803 919 918 994 equalis
942 937 988 995 ea,
1013 924 1043 979 et
1067 939 1101 981 ez

643 1007 757 1082 equalis
797 1013 839 1082 et,
877 1028 946 1086 ergo
980 1011 1023 1068 cllo
1055 1014 1100 1069 est

645 1096 759 1171 equalis
773 1101 808 1155 et.
838 1097 1009 1157 Demovebo
1029 1111 1140 1177 erg01⁰

520 1219 527 1248 i
645 1204 832 1244 communem
850 1188 893 1262 dt,
918 1190 948 1245 et
966 1208 1100 1247 remane·

643 1273 689 1331 bit
721 1276 761 1333 de
793 1276 907 1349 equalis
938 1278 978 1334 tls.
1042 1277 1100 1337 Sed

644 1363 724 1420 linea
749 1365 787 1422 ert
816 1367 861 1422 est
885 1366 998 1439 equalis
1022 1367 1099 1425 linee

645 1454 695 1528 ob,
714 1470 785 1529 ergo
803 1452 884 1510 linea
899 1455 932 1510 tle
950 1458 995 1512 est
1010 1475 1098 1531 equa-

644 1541 682 1600 lis
701 1541 778 1599 linee
796 1543 845 1600 ab.
888 1541 946 1599 Sed
963 1543 1043 1601 linea
1058 1546 1100 1604 bol
1114 1555 1139 1595 1⁵

645 1631 736 1689 etiam
756 1633 801 1688 est
820 1631 934 1706 equalis
953 1632 1031 1691 linee
1046 1635 1100 1692 ob:

645 1740 716 1798 ergo
745 1723 874 1796 quatuor
901 1721 998 1779 latera
1029 1741 1099 1797 qua·

644 1813 713 1868 tuor
762 1810 981 1887 triangulorum
1029 1815 1098 1869 sunt

645 1898 773 1975 equalia,
792 1899 906 1958 scilieet
925 1902 974 1975 ab,
987 1919 1035 1976 92,
1050 1903 1099 1977 bd,

564 2008 589 2058 [β
644 1989 685 2046 tls.
719 1988 760 2046 Et
777 1988 916 2047 similiter
935 1991 1096 2065 ostendam,
1112 2001 1137 2040 2⁰

640 2079 719 2154 quod
747 2081 877 2153 quatuor
910 2079 1027 2154 reliqua
1056 2081 1099 2137 la-

73 2171 146 2226 tera
166 2167 235 2222 sunt
253 2163 384 2238 aqualia,
408 2164 521 2223 seilicet
541 2184 591 2242 oy,
609 2169 657 2241 ab,
676 2169 725 2240 dle,
746 2168 787 2240 lb,
811 2167 952 2240 quoniam
972 2187 1014 2242 oq
1032 2188 1099 2244 pro-

73 2255 181 2314 tracta
191 2255 236 2311 est
246 2253 362 2328 equalis
378 2271 420 2328 ea,
436 2257 466 2311 et
480 2254 560 2312 linea
575 2273 609 2315 ee
623 2258 668 2313 est
682 2255 795 2328 equalis
810 2255 887 2312 linee
902 2256 943 2330 tl,
959 2258 1099 2330 quoniam

74 2345 120 2405 ab
135 2345 181 2400 est
196 2342 387 2417 quadratum,
403 2362 473 2419 ergo
488 2343 568 2400 linea
583 2362 625 2417 oq
639 2345 684 2401 est
699 2342 813 2418 equalis
827 2343 904 2401 linee
920 2345 960 2402 lb.
986 2344 1044 2403 Sed
1058 2347 1100 2404 dle

74 2433 235 2509 protracta
258 2434 303 2489 est
322 2431 435 2506 equalis
459 2431 536 2489 linee
556 2450 605 2506 oq,
629 2433 659 2488 et
681 2432 742 2489 iam
760 2431 819 2489 fuit
838 2436 996 2509 ostensum,
1021 2435 1100 2510 quod
1114 2442 1139 2482 25

76 2522 163 2579 linea
190 2522 229 2580 ab
258 2522 303 2578 est
331 2519 446 2594 equalis
469 2520 546 2578 lineo
575 2537 620 2595 ea,
649 2523 679 2578 et
706 2521 786 2579 linea
815 2539 849 2580 ea
875 2525 1028 2597 protracta
1056 2527 1101 2582 est

78 2609 198 2684 equalis
221 2609 298 2666 linee
322 2627 376 2681 oy:
400 2609 462 2666 iam
491 2627 559 2686 ergo
588 2612 739 2668 ostensum
767 2613 820 2684 est,
848 2611 927 2686 quod
949 2612 1026 2670 lineo
1051 2633 1099 2688 ny,

76 2701 130 2772 ab,
154 2699 207 2775 dle,
230 2699 265 2755 lb
288 2699 358 2755 sunt
381 2699 511 2773 equales.
556 2698 596 2756 Et
618 2699 680 2757 iam
699 2702 849 2759 ostensum
873 2703 926 2774 est,
950 2703 1029 2776 quod
1049 2722 1099 2761 an-

78 2787 146 2866 guli
167 2789 295 2863 quatuor
312 2787 532 2864 triangulorum
551 2791 620 2846 sunt
637 2789 720 2863 reati,
744 2788 858 2846 seilicet
876 2791 976 2865 anguli
998 2810 1017 2849 o
1037 2796 1066 2850 et
1084 2810 1100 2851 a

78 2880 112 2936 et
136 2881 147 2933 t
170 2877 199 2934 et
217 2877 249 2934 ol:
274 2896 343 2953 ergo
363 2877 524 2935 seeundum
542 2877 747 2952 probationem
766 2876 861 2954 figure
880 2882 986 2952 quarte
1004 2880 1098 2954 prime
1113 2885 1139 2923 ³⁰

77 2964 176 3044 partis
196 2968 282 3023 amnt
301 2966 396 3041 eorde,
416 2985 474 3041 que
493 2966 712 3024 subtenduntur
736 2967 862 3044 angulis
887 2969 1022 3044 equales,
1047 2969 1098 3044 qui

78 3058 153 3114 sunt
181 3054 255 3112 reoti
284 3057 314 3112 et
342 3056 476 3130 equales,
506 3075 575 3131 ergo
603 3055 689 3115 eorde
718 3057 771 3130 by,
799 3057 856 3130 ab,
882 3057 937 3131 blo,
965 3058 1005 3116 bb
1029 3061 1100 3116 sunt

78 3143 210 3220 equales.
257 3142 315 3201 Sed
338 3145 465 3222 angulus
490 3146 555 3203 dble
573 3148 618 3202 est
638 3144 750 3220 equalis
770 3146 881 3221 angulo
901 3147 977 3220 aba:
1001 3148 1098 3222 posito

77 3234 175 3311 igitur
202 3233 313 3310 angulo
339 3235 405 3308 ydb
439 3234 587 3292 communi
617 3236 698 3292 totus
733 3235 857 3311 angulus
886 3237 954 3294 abd
982 3237 1098 3312 equalis

76 3322 138 3382 toti
163 3322 272 3398 angulo
293 3325 366 3396 aaa.
414 3321 471 3381 Sed
495 3324 621 3400 angulus
645 3324 713 3382 abd
735 3327 780 3382 est
807 3327 918 3398 rectus,
948 3345 1017 3403 ergo
1047 3346 1096 3384 an·
1112 3334 1137 3375 35

153 3516 195 3564 29.
214 3507 285 3563 recti
303 3511 332 3564 et
351 3510 472 3579 equales.
