2408 3848
128 164 190 227 178
413 161 579 215 ANARITII
597 159 854 214 COMMENTARII

125 334 224 392 lorum
248 333 324 405 obp,
352 333 415 404 deq
442 333 487 389 est
513 330 610 388 minor
637 330 750 388 duobus
777 329 866 388 rectis
888 330 1022 407 angulis,
1042 324 1046 408 l
1068 350 1138 407 ergo
1157 338 1189 387 37

126 423 182 479 due
205 421 282 478 lineo
306 422 347 478 bc
370 423 401 478 et
424 422 476 494 ed,
503 439 570 478 cum
591 421 809 494 protrahuntur
831 420 993 478 secundum
1016 419 1138 478 rectitu-

126 511 238 584 dinem,
279 512 461 568 concurrent.
521 508 567 567 Sit
608 528 677 585 crgo
717 527 818 566 earum
854 527 1012 567 concursus
1049 527 1139 584 supra

125 603 269 675 punctum
290 616 315 657 a.
361 596 522 656 Ostendam
549 600 662 672 autem,
691 597 769 655 sicut
795 597 926 656 ostendit
946 597 979 655 in
1003 616 1052 671 ea,
1081 618 1137 673 que

86 699 98 739 5
126 687 279 764 precessit:
306 707 375 763 ergo
399 690 486 744 erunt
509 687 604 744 latera
626 685 872 761 proportionalia,
895 687 972 745 sicut
995 686 1137 759 diximus3

127 781 156 835 et
178 777 253 834 illud
277 779 334 850 est,
357 776 436 850 quod
459 775 660 834 demonstrare
683 775 840 834 voluimus.

215 866 250 922 In
272 865 393 942 figura
416 857 601 944 septima¹)
625 883 684 921 non
708 864 745 922 ob
769 864 851 922 aliud
874 864 950 922 dixit
968 864 1139 938 Eunomus,

125 959 160 1012 ut
179 954 313 1031 angulip
332 958 392 1013 etz
410 954 471 1012 sint
488 955 616 1012 maiores
635 955 688 1010 aut
705 953 834 1011 minores
857 955 952 1030 recto,
975 953 1035 1010 nisi
1058 953 1138 1027 quia,

126 1063 193 1103 cum
221 1043 346 1118 quisque
375 1061 478 1100 earum
504 1042 596 1100 fuerit
618 1045 729 1117 rectus,
758 1045 788 1100 et
811 1042 869 1100 duc
893 1041 999 1119 anguli
1022 1060 1041 1100 a
1064 1042 1138 1100 etcl

87 1147 113 1184 10
126 1135 196 1191 sunt
219 1132 349 1207 equales,
372 1135 444 1189 tunc
467 1131 526 1190 duo
549 1131 655 1208 anguli
678 1133 694 1189 b
718 1134 748 1189 et
771 1149 786 1189 0
808 1133 896 1189 erunt
918 1130 1048 1206 equales

215 1222 250 1278 In
273 1221 394 1298 figura
417 1224 545 1283 octava
569 1212 737 1299 deeima²)
756 1220 832 1278 dixit
848 1221 977 1293 Ymuus,
1000 1219 1090 1294 quod,
1112 1220 1137 1276 si

126 1311 215 1385 linea,
233 1305 332 1389 <que>
346 1310 482 1385 sequitur
496 1312 535 1383 tp
547 1309 580 1366 in
593 1309 794 1384 proportione,
811 1309 846 1367 fit
859 1309 954 1367 maior
967 1308 1049 1366 linea
1063 1305 1136 1384 [01],

127 1419 183 1475 que
211 1399 455 1475 proportionetur
478 1400 516 1456 ad
539 1400 591 1473 bt,
619 1399 711 1456 donec
733 1398 887 1473 proportio
912 1399 951 1471 tp
974 1398 1012 1455 ad
1037 1415 1071 1456 ea
1098 1397 1137 1455 sit

126 1490 203 1547 sicut
234 1489 386 1564 proportio
415 1506 449 1547 ee
478 1489 516 1545 ad
545 1489 598 1561 bt,
631 1487 688 1545 erit
713 1487 829 1562 reliqua
856 1486 993 1562 probatio
1023 1485 1135 1561 equalis

86 1590 111 1629 15
126 1578 295 1654 probationi
323 1577 481 1636 Eucarms.
531 1577 642 1634 Nostra
673 1578 774 1634 autem
805 1575 918 1634 additio
950 1577 982 1632 in
1009 1575 1066 1633 hoc
1094 1577 1136 1632 est

125 1669 212 1725 huius
240 1662 370 1743 <modi>.
421 1664 502 1723 Cum
531 1667 669 1723 fuerint
696 1665 843 1722 duorum
869 1665 1136 1740 triangulorum

126 1759 190 1830 aoy
222 1759 252 1811 et
281 1757 340 1813 der
373 1754 437 1810 duo
471 1755 595 1830 anguli
628 1757 644 1813 b
672 1757 702 1812 et
730 1773 744 1812 e
771 1755 931 1828 equales,
964 1756 998 1810 et
1025 1754 1136 1810 fuerit

126 1843 315 1919 proportio
343 1843 520 1917 trianguli
549 1845 613 1917 obp
640 1844 682 1901 ad
708 1844 931 1920 triangulum
958 1844 1018 1901 olea
1044 1843 1136 1900 sicut

127 1932 317 2007 proportio
346 1930 473 1988 lateris
502 1933 541 2004 tp
569 1932 611 1989 ad
638 1933 733 1990 latus
763 1950 797 1990 ea
824 1932 1026 2007 duplicata,
1054 1934 1137 1988 tunc

87 2037 113 2075 so
128 2022 194 2078 duo
217 2018 395 2095 trianguli
419 2024 523 2077 erunt
546 2021 690 2080 similes.
736 2020 877 2078 Probatio
901 2021 973 2094 eiua,
996 2021 1136 2095 quoniam

126 2109 299 2184 protraham
322 2108 432 2165 lineam
452 2111 491 2167 bt
514 2111 545 2167 iu
568 2111 759 2185 proportione
783 2111 922 2184 sequente
946 2109 1019 2166 duas
1043 2110 1136 2167 lineas

127 2201 179 2273 by,
208 2214 249 2256 er.
295 2198 375 2274 Ergo
403 2200 556 2273 proportio
580 2201 619 2272 tp
642 2200 680 2256 ad
704 2217 738 2258 ez
760 2201 805 2256 est
827 2199 904 2256 siout
926 2199 1081 2273 proportio
1104 2215 1138 2257 cr

197 2409 273 2456 8-9.
294 2402 342 2470 qui
361 2420 431 2456 cum.
452 2435 484 2443 -
505 2407 617 2456 11-12.
638 2401 675 2455 sit
692 2401 776 2456 linea.

198 2619 224 2686 1)
241 2617 377 2669 Enemase
396 2616 442 2685 VI,
463 2621 491 2671 ⁷:
520 2615 552 2670 Si
568 2617 673 2682 suerint
690 2617 745 2669 dcc
763 2617 911 2685 triaupuli,
929 2633 1047 2684 quorem
1064 2635 1140 2672 unca

127 2690 245 2758 aepulas
263 2690 314 2741 1001
332 2688 434 2758 crepulo
452 2688 566 2742 alterius
584 2688 701 2756 aqualia,
719 2688 824 2755 duoque
842 2703 953 2741 suoram
970 2689 1139 2757 reliquorum

126 2760 291 2829 appulorum
309 2760 439 2812 lateribus
453 2759 707 2826 proportionalibus
724 2759 854 2825 conteuti,
878 2761 995 2812 00000111
1012 2776 1075 2814 cero
1093 2761 1139 2814 de-

126 2848 200 2883 mum
217 2831 382 2898 reliquorum
400 2836 510 2898 uterque
528 2836 687 2883 actualiter
705 2836 775 2883 reolo
794 2831 895 2900 copulo
913 2831 1016 2897 minor,
1035 2848 1139 2886 neeesse

126 2908 176 2967 eat,
199 2903 260 2955 illos
278 2903 346 2955 dces
365 2901 519 2970 trinepotes
537 2901 661 2954 omuibus
679 2901 737 2954 scis
756 2902 867 2971 aepulis
885 2901 1046 2956 seinvicem
1064 2904 1138 2971 equi-

127 2991 165 3025 ce
183 2974 321 3026 elocasse.

165 2991 332 3095 ⁹E110mnis
351 3042 402 3110 Vl,
423 3048 468 3096 18:
502 3041 672 3111 Propositio,
696 3059 782 3110 quam
804 3041 850 3094 hic
874 3045 1046 3097 commentat
1064 3044 1138 3096 Ara-

127 3133 212 3167 mmus
236 3130 287 3166 nec
312 3113 386 3182 apud
410 3111 569 3182 0111111011,
597 3129 648 3167 nec
673 3113 748 3182 apud
766 3113 939 3168 Hammeum
963 3116 1006 3168 est
1023 3115 1076 3184 VI,
1096 3121 1138 3182 18,

127 3186 176 3238 sed
197 3185 272 3253 apud
290 3183 438 3237 0111111011
457 3185 500 3237 est
517 3184 563 3251 Vl,
585 3191 616 3238 17
638 3187 666 3238 et
685 3185 760 3253 apud
778 3185 951 3239 Η11111111101011
969 3185 1016 3254 VI,
1036 3191 1083 3241 19:
1106 3187 1139 3241 Si

126 3258 232 3323 fuerint
254 3256 308 3310 duo
327 3256 462 3324 triaepcle'
483 3255 596 3323 similes,
616 3257 757 3325 proportio
776 3257 889 3311 alterius
911 3258 950 3312 ac
967 3257 1084 3312 alterum
1101 3264 1140 3312 est

126 3335 258 3395 tauquam
274 3329 416 3395 proportio
435 3327 577 3382 cuiuslibet
594 3329 639 3381 sci
653 3329 745 3381 lateris
763 3328 800 3381 ad
813 3344 894 3382 01011111
906 3328 1052 3383 relativum
1066 3329 1140 3383 latus

127 3398 240 3452 alterius
254 3399 404 3466 duplicata.
424 3397 570 3451 Amemus
583 3398 757 3452 demonstrat
766 3414 929 3452 conversam
937 3398 1138 3468 propositionis

128 3472 156 3522 et
174 3467 220 3521 hic
238 3487 304 3522 usus
324 3471 367 3523 est
386 3467 548 3522 definitione
566 3469 772 3538 triangulorum
791 3469 1039 3541 symmetricorum,
1059 3469 1138 3524 cuius

72 3539 157 3628 ι111
175 3542 243 3594 note
259 3546 271 3594 1
292 3559 319 3610 p.
335 3546 386 3596 176
404 3538 574 3594 mentionem
592 3540 717 3595 fecimus.
