2408 3848
126 174 192 238 370
414 172 580 227 ANARITII
598 170 853 226 COMMENTARII

125 341 319 419 quadratum3
343 345 373 402 et
394 360 504 418 ponam
527 342 619 399 etiam
640 336 818 418 <numerum
840 337 1000 419 tercium),
1023 343 1078 418 qui
1102 344 1144 402 sit

125 437 148 506 t,
176 432 259 490 ouius
286 432 440 506 proportio
469 429 506 488 ad
531 448 774 505 unumquemque
797 429 921 489 duorum
944 449 1141 490 numerorum

124 522 172 596 de,
192 539 229 580 ce
246 540 306 580 non
325 522 365 579 sit
383 521 460 578 sicut
477 519 631 594 proportio
645 520 760 577 numeri
777 517 916 594 quadrati
931 518 968 578 ad
983 539 1142 578 numerum

29 622 35 637 ‘
126 609 315 684 quadratum,
338 612 368 667 et
390 608 542 684 proportio
566 609 605 666 de
628 607 665 666 ad
688 611 700 664 t
721 609 761 666 sit
784 608 861 666 sicut
883 609 1039 683 proportio
1065 629 1140 684 qua-

97 697 204 756 5drati
232 699 271 770 bp
299 697 337 755 ad
360 696 541 772 quadratum
563 715 591 771 o,
615 699 644 754 et
666 697 819 772 proportio
843 700 855 754 t
876 696 914 754 ad
938 714 974 756 es
997 698 1038 756 sit
1062 699 1141 757 sicut

125 787 278 862 proportio
306 786 444 861 quadrati
472 804 491 844 c
519 785 556 844 ad
585 784 763 860 quadratum
783 785 833 858 pb.
880 785 961 861 Ergo
983 788 1142 862 proportio

125 877 165 934 de
193 875 230 932 ad
258 892 292 934 ca
320 878 365 934 θεὴ
392 876 469 934 sicut
495 874 648 949 proportio
671 873 810 948 quadrati
833 875 873 947 bp
896 873 933 932 ad
956 874 1142 948 quadratum

123 964 178 1037 pb:
207 981 277 1040 ergo
305 964 345 1021 bb
373 966 418 1022 est
442 962 600 1022 residuum.
645 963 686 1021 Et
709 964 748 1037 by
769 964 870 1037 potest
893 980 982 1038 supra
1003 965 1047 1037 pb
1072 983 1140 1023 cum

126 1055 284 1129 augmento
312 1052 464 1127 quadrati,
492 1053 575 1112 cuius
602 1052 690 1110 lateri
713 1053 752 1125 bp
775 1052 807 1108 in
829 1051 1017 1128 longitudine
1041 1054 1140 1110 seiun-

85 1154 111 1194 1o
125 1142 219 1218 gitur,
247 1144 277 1199 et
304 1159 482 1216 unaqueque
509 1141 635 1199 duarum
656 1141 803 1198 linearum
826 1141 877 1215 by,
903 1141 946 1215 pb
969 1142 1142 1218 seiungitur

124 1230 201 1287 lineo
220 1231 400 1289 orationali
418 1230 487 1288 date
505 1231 538 1287 in
556 1229 757 1306 longitudine:
776 1247 846 1305 ergo
865 1230 906 1288 bb
924 1232 969 1288 θεὴ
984 1229 1140 1288 residuum

125 1322 254 1392 sextum3
277 1313 329 1395 <et
350 1319 426 1376 illud
449 1321 502 1393 est,
526 1317 604 1394 quod
628 1317 829 1377 demonstrare
852 1318 1030 1395 voluimus).

212 1407 297 1466 Volo
316 1408 480 1466 invenire
499 1407 639 1465 radices
659 1407 949 1482 superficierum,
968 1425 1035 1482 que
1056 1426 1138 1467 con·

123 1495 289 1555 tinentur
322 1515 340 1554 a
371 1497 468 1576 linea
499 1496 677 1554 rationali
705 1498 740 1553 ot
769 1495 810 1553 ab
837 1513 1052 1570 unoquoque
1083 1515 1143 1555 sex

87 1597 112 1636 15
125 1584 361 1644 residuorum.

211 1674 298 1732 Hanc
315 1674 417 1750 itaque
435 1673 563 1751 figuram
581 1691 691 1750 ponam
710 1673 876 1748 exemplum
895 1672 1030 1730 additum
1047 1691 1141 1750 supra

122 1762 222 1838 illum,
251 1762 330 1838 quod
356 1763 388 1820 in
414 1763 569 1838 principiis
593 1761 882 1837 exemplificavimus
929 1760 1034 1836 Sitque
1057 1763 1141 1822 linea

123 1851 280 1909 rationalis
298 1870 366 1925 una,
386 1853 527 1925 quatinus
545 1851 661 1908 numeri
678 1850 866 1909 manifestius
884 1850 1018 1910 sensibus
1038 1851 1139 1911 subia-

123 1941 248 1998 ciantur.
297 1939 398 2014 Ipsam
430 1958 547 2014 quoque
579 1939 757 1998 rationalem
788 1939 820 1997 in
848 1957 898 1997 sex
925 1939 1140 2015 superficiebus

83 2041 109 2080 ao
123 2045 232 2103 ponam
255 2030 395 2102 quatuor,
419 2027 578 2086 secundum
601 2028 681 2103 quod
703 2029 761 2086 feei
782 2029 815 2085 in
838 2027 1047 2104 superficiebus
1071 2049 1141 2104 pre·

124 2114 303 2175 cedentibus.

212 2204 259 2263 Sit
287 2223 355 2282 ergo
382 2205 550 2280 superficies
574 2208 613 2280 bp
635 2201 817 2282 (contenta)
841 2224 859 2264 a
881 2205 962 2264 linea
983 2208 1139 2286 rationali,

123 2313 179 2369 que
208 2294 247 2352 sit
273 2295 327 2369 ab,
358 2297 388 2352 et
414 2294 531 2353 residuo
559 2296 669 2371 primo,
697 2313 754 2369 que
782 2293 821 2353 sit
850 2295 867 2353 6
898 2293 1008 2370 absque
1036 2296 1139 2356 radice

124 2385 175 2457 32,
198 2381 276 2458 quod
300 2385 344 2441 est
366 2384 447 2441 linea
465 2402 519 2457 ap:
543 2383 608 2443 dico
626 2383 728 2460 igitur,
751 2382 829 2458 quod
847 2383 936 2457 linea,
960 2402 1017 2459 que
1036 2388 1141 2460 potest

83 2485 108 2524 ss
123 2490 213 2547 supra
236 2473 288 2546 bp,
312 2474 358 2530 θεὴ
379 2471 539 2547 residuum,
562 2473 675 2531 scilicet
698 2471 876 2547 absolutum,
901 2472 978 2547 quod
1002 2473 1045 2531 sio
1068 2493 1139 2549 pro-

122 2560 217 2618 batur.
262 2560 384 2618 Faciam
407 2560 485 2618 enim
507 2564 541 2619 ut
564 2563 608 2620 od
631 2561 670 2620 sit
694 2563 727 2635 6,
755 2562 786 2618 et
807 2555 891 2638 <dp>
912 2560 997 2619 radix
1021 2563 1077 2638 32,
1107 2567 1140 2621 θὴ

123 2648 254 2708 dividam
278 2650 323 2722 pd
349 2650 381 2706 in
409 2648 468 2708 duo
495 2649 594 2708 media
621 2668 712 2725 supra
735 2667 761 2726 e,
790 2652 820 2708 et
843 2648 1005 2726 adiimgam
1029 2649 1067 2708 ad
1091 2654 1138 2711 ad

123 2736 308 2813 superficiem
331 2737 467 2813 equalem
490 2742 594 2814 quarte
618 2737 758 2814 quadrati
782 2739 829 2813 ed,
853 2738 932 2814 quod
955 2741 1000 2796 est
1024 2740 1053 2814 8,
1077 2760 1139 2816 que

123 2829 168 2885 est
195 2825 362 2900 superficies
390 2844 430 2886 aa
456 2827 488 2884 in
515 2829 556 2887 ed
583 2830 614 2886 et
639 2826 789 2885 minuetur
816 2845 852 2884 ex
879 2828 923 2885 od
946 2827 1140 2904 quadratum,

84 2915 202 2990 eoquod
229 2917 286 2990 est,
313 2918 348 2974 ut
374 2915 569 2990 multiplicem
598 2917 616 2974 6
644 2916 676 2973 in
705 2917 738 2989 6,
767 2918 796 2973 et
822 2914 899 2974 fiunt
927 2918 983 2991 36,
1011 2935 1047 2975 ex
1075 2936 1139 2992 quo

121 3003 294 3062 minuantur
318 3005 373 3079 32,
396 3007 426 3063 θὴ
447 3006 602 3064 remanent
624 3006 645 3062 4
668 3004 807 3063 unitates.
852 3003 965 3062 Deinde
989 3007 1140 3081 accipiam

122 3092 252 3151 radicem
276 3092 346 3168 eius,
369 3112 426 3168 que
450 3095 494 3152 θεὴ
518 3096 547 3168 2,
570 3112 660 3170 quam
683 3092 792 3152 addam
814 3111 904 3169 supra
928 3097 956 3169 6,
980 3098 1010 3154 θὴ
1032 3093 1085 3152 fiet
1106 3097 1137 3172 8,

123 3183 205 3241 ouius
233 3181 378 3257 accipiam
400 3182 603 3258 medietatem,
632 3202 689 3258 que
713 3185 758 3241 θεὴ
781 3185 815 3256 4,
843 3184 873 3240 et
894 3182 970 3240 illud
993 3183 1051 3242 erit
1073 3203 1139 3244 una

123 3271 247 3329 duarum
275 3270 451 3346 sectionum,
483 3291 539 3347 que
568 3274 612 3330 est
640 3289 693 3345 aa,
720 3273 750 3329 et
777 3272 867 3330 sectio
896 3271 991 3330 altera
1019 3273 1077 3331 erit
1106 3276 1137 3350 2,

81 3370 107 3411 3⁵
122 3379 178 3436 que
207 3361 252 3419 θεὴ
277 3360 331 3434 sd,
359 3361 389 3417 et
411 3359 563 3435 complebo
587 3359 814 3435 descriptionem
836 3359 937 3438 figure.
983 3360 1039 3419 Est
1063 3381 1138 3440 ergo

189 3552 231 3602 14.
257 3548 286 3601 θὴ
304 3545 341 3600 ab
360 3547 541 3620 unoquoque]
559 3563 577 3601 a
595 3545 729 3603 binomio.
