<?xml version="1.0" encoding="UTF-8"?>
<!DOCTYPE html PUBLIC "-//W3C//DTD XHTML 1.0 Transitional//EN"
    "http://www.w3.org/TR/xhtml1/DTD/xhtml1-transitional.dtd">
<html xmlns="http://www.w3.org/1999/xhtml" xml:lang="en" lang="en">
 <head>
  <title>
</title>
<meta http-equiv="Content-Type" content="text/html;charset=utf-8" />
  <meta name='ocr-system' content='tesseract 3.04.00' />
  <meta name='ocr-capabilities' content='ocr_page ocr_carea ocr_par ocr_line ocrx_word'/>
</head>
<body>
  <div class='ocr_page' id='page_1' title='image "./euclidisoperaom18unkngoog/euclidisoperaom18unkngoog_0149.png"; bbox 0 0 2408 3848; ppageno 0'>
   <div class='ocr_carea' id='block_1_1' title="bbox 128 134 855 199">
    <p class='ocr_par' dir='ltr' id='par_1_1' title="bbox 128 134 855 199">
     <span class='ocr_line' id='line_1_1' title="bbox 128 134 855 199; baseline -0.014 1"><span class='ocrx_word' id='word_1_1' title='bbox 128 136 192 199; x_wconf 76' lang='lat'>112</span> <span class='ocrx_word' id='word_1_2' title='bbox 414 136 579 190; x_wconf 86' lang='lat' dir='ltr'><strong>ANARITII</strong></span> <span class='ocrx_word' id='word_1_3' title='bbox 598 134 855 191; x_wconf 83' lang='lat' dir='ltr'>COMMENTARII</span> 
     </span>
    </p>
   </div>
   <div class='ocr_carea' id='block_1_2' title="bbox 81 305 1149 2603">
    <p class='ocr_par' dir='ltr' id='par_1_2' title="bbox 81 305 1149 2603">
     <span class='ocr_line' id='line_1_2' title="bbox 126 305 1148 383; baseline 0.005 -22"><span class='ocrx_word' id='word_1_4' title='bbox 126 308 270 380; x_wconf 85' lang='lat' dir='ltr'>punctum</span> <span class='ocrx_word' id='word_1_5' title='bbox 292 306 392 380; x_wconf 90' lang='lat' dir='ltr'>plures</span> <span class='ocrx_word' id='word_1_6' title='bbox 415 305 493 363; x_wconf 89' lang='lat' dir='ltr'>linee</span> <span class='ocrx_word' id='word_1_7' title='bbox 516 305 731 380; x_wconf 80' lang='lat' dir='ltr'>producantur3</span> <span class='ocrx_word' id='word_1_8' title='bbox 755 306 806 364; x_wconf 91' lang='lat' dir='ltr'>sed</span> <span class='ocrx_word' id='word_1_9' title='bbox 830 305 970 381; x_wconf 89' lang='lat' dir='ltr'>spatium,</span> <span class='ocrx_word' id='word_1_10' title='bbox 995 307 1079 383; x_wconf 90' lang='lat' dir='ltr'>quod</span> <span class='ocrx_word' id='word_1_11' title='bbox 1102 311 1148 367; x_wconf 90' lang='lat' dir='ltr'>est</span> 
     </span>
     <span class='ocr_line' id='line_1_3' title="bbox 126 393 1148 470; baseline 0.007 -21"><span class='ocrx_word' id='word_1_12' title='bbox 126 393 205 450; x_wconf 90' lang='lat' dir='ltr'>inter</span> <span class='ocrx_word' id='word_1_13' title='bbox 232 396 376 469; x_wconf 90' lang='lat' dir='ltr'>punctum</span> <span class='ocrx_word' id='word_1_14' title='bbox 403 396 433 451; x_wconf 93' lang='lat' dir='ltr'>et</span> <span class='ocrx_word' id='word_1_15' title='bbox 459 393 570 452; x_wconf 87' lang='lat' dir='ltr'>lineam</span> <span class='ocrx_word' id='word_1_16' title='bbox 598 399 643 453; x_wconf 90' lang='lat' dir='ltr'>est</span> <span class='ocrx_word' id='word_1_17' title='bbox 669 395 924 470; x_wconf 78' lang='lat' dir='ltr'>perpendicularis</span> <span class='ocrx_word' id='word_1_18' title='bbox 947 399 1106 470; x_wconf 82' lang='lat' dir='ltr'>protracta</span> <span class='ocrx_word' id='word_1_19' title='bbox 1130 417 1148 456; x_wconf 84' lang='lat' dir='ltr'>a</span> 
     </span>
     <span class='ocr_line' id='line_1_4' title="bbox 125 482 1149 562; baseline 0.007 -24"><span class='ocrx_word' id='word_1_20' title='bbox 125 485 236 556; x_wconf 88' lang='lat' dir='ltr'>puncto</span> <span class='ocrx_word' id='word_1_21' title='bbox 265 482 303 540; x_wconf 87' lang='lat' dir='ltr'>ad</span> <span class='ocrx_word' id='word_1_22' title='bbox 329 483 415 540; x_wconf 85' lang='lat' dir='ltr'>illam</span> <span class='ocrx_word' id='word_1_23' title='bbox 442 483 565 557; x_wconf 83' lang='lat' dir='ltr'>lineam,</span> <span class='ocrx_word' id='word_1_24' title='bbox 593 487 623 541; x_wconf 91' lang='lat' dir='ltr'>et</span> <span class='ocrx_word' id='word_1_25' title='bbox 650 487 773 559; x_wconf 89' lang='lat' dir='ltr'>propter</span> <span class='ocrx_word' id='word_1_26' title='bbox 795 484 851 542; x_wconf 92' lang='lat' dir='ltr'>hoc</span> <span class='ocrx_word' id='word_1_27' title='bbox 874 484 950 542; x_wconf 88' lang='lat' dir='ltr'>dixit</span> <span class='ocrx_word' id='word_1_28' title='bbox 973 485 1149 562; x_wconf 64' lang='lat' dir='ltr'>Eucnmns</span> 
     </span>
     <span class='ocr_line' id='line_1_5' title="bbox 126 570 1147 651; baseline 0.008 -24"><span class='ocrx_word' id='word_1_29' title='bbox 126 570 205 645; x_wconf 90' lang='lat' dir='ltr'>quod</span> <span class='ocrx_word' id='word_1_30' title='bbox 232 571 310 630; x_wconf 90' lang='lat' dir='ltr'>linee</span> <span class='ocrx_word' id='word_1_31' title='bbox 338 572 452 647; x_wconf 80' lang='lat' dir='ltr'>equalis</span> <span class='ocrx_word' id='word_1_32' title='bbox 476 573 567 646; x_wconf 89' lang='lat' dir='ltr'>spatii</span> <span class='ocrx_word' id='word_1_33' title='bbox 590 591 608 630; x_wconf 85' lang='lat' dir='ltr'>a</span> <span class='ocrx_word' id='word_1_34' title='bbox 632 576 733 631; x_wconf 90' lang='lat' dir='ltr'>centro</span> <span class='ocrx_word' id='word_1_35' title='bbox 756 575 839 647; x_wconf 89' lang='lat' dir='ltr'>sunt,</span> <span class='ocrx_word' id='word_1_36' title='bbox 867 592 995 647; x_wconf 88' lang='lat' dir='ltr'>quarum</span> <span class='ocrx_word' id='word_1_37' title='bbox 1017 595 1147 651; x_wconf 89' lang='lat' dir='ltr'>perpen-</span> 
     </span>
     <span class='ocr_line' id='line_1_6' title="bbox 98 660 1148 739; baseline 0.01 -26"><span class='ocrx_word' id='word_1_38' title='bbox 98 660 272 718; x_wconf 78' lang='lat' dir='ltr'>sdiculares</span> <span class='ocrx_word' id='word_1_39' title='bbox 310 679 327 717; x_wconf 90' lang='lat' dir='ltr'>a</span> <span class='ocrx_word' id='word_1_40' title='bbox 364 664 465 718; x_wconf 88' lang='lat' dir='ltr'>centro</span> <span class='ocrx_word' id='word_1_41' title='bbox 503 661 541 718; x_wconf 86' lang='lat' dir='ltr'>ad</span> <span class='ocrx_word' id='word_1_42' title='bbox 574 680 623 719; x_wconf 90' lang='lat' dir='ltr'>eas</span> <span class='ocrx_word' id='word_1_43' title='bbox 655 664 806 737; x_wconf 88' lang='lat' dir='ltr'>protracte</span> <span class='ocrx_word' id='word_1_44' title='bbox 839 665 909 720; x_wconf 89' lang='lat' dir='ltr'>sunt</span> <span class='ocrx_word' id='word_1_45' title='bbox 940 664 1079 739; x_wconf 81' lang='lat' dir='ltr'>equales,</span> <span class='ocrx_word' id='word_1_46' title='bbox 1117 668 1148 724; x_wconf 89' lang='lat' dir='ltr'>et</span> 
     </span>
     <span class='ocr_line' id='line_1_7' title="bbox 125 749 1147 830; baseline 0.008 -25"><span class='ocrx_word' id='word_1_47' title='bbox 125 749 247 807; x_wconf 90' lang='lat' dir='ltr'>maioris</span> <span class='ocrx_word' id='word_1_48' title='bbox 276 749 367 824; x_wconf 86' lang='lat' dir='ltr'>spatii</span> <span class='ocrx_word' id='word_1_49' title='bbox 394 752 476 823; x_wconf 88' lang='lat' dir='ltr'>sunt,</span> <span class='ocrx_word' id='word_1_50' title='bbox 504 768 630 825; x_wconf 87' lang='lat' dir='ltr'>quarum</span> <span class='ocrx_word' id='word_1_51' title='bbox 655 751 915 826; x_wconf 82' lang='lat' dir='ltr'>perpendiculares</span> <span class='ocrx_word' id='word_1_52' title='bbox 938 752 978 810; x_wconf 87' lang='lat' dir='ltr'>ad</span> <span class='ocrx_word' id='word_1_53' title='bbox 1002 771 1054 812; x_wconf 89' lang='lat' dir='ltr'>eas</span> <span class='ocrx_word' id='word_1_54' title='bbox 1079 774 1147 830; x_wconf 89' lang='lat' dir='ltr'>pro·</span> 
     </span>
     <span class='ocr_line' id='line_1_8' title="bbox 125 831 590 924; baseline 0.006 -30"><span class='ocrx_word' id='word_1_55' title='bbox 125 839 221 895; x_wconf 90' lang='lat' dir='ltr'>tracte</span> <span class='ocrx_word' id='word_1_56' title='bbox 245 841 315 895; x_wconf 90' lang='lat' dir='ltr'>sunt</span> <span class='ocrx_word' id='word_1_57' title='bbox 336 831 505 918; x_wconf 79' lang='lat' dir='ltr'>maiores.¹)</span> <span class='ocrx_word' id='word_1_58' title='bbox 582 908 590 924; x_wconf 37' lang='grc' dir='ltr'>ι</span> 
     </span>
     <span class='ocr_line' id='line_1_9' title="bbox 214 926 1148 1002; baseline 0.007 -19"><span class='ocrx_word' id='word_1_59' title='bbox 214 926 389 985; x_wconf 80' lang='lat' dir='ltr'>Eucmnns:</span> <span class='ocrx_word' id='word_1_60' title='bbox 417 928 514 986; x_wconf 88' lang='lat' dir='ltr'>Portio</span> <span class='ocrx_word' id='word_1_61' title='bbox 537 929 639 987; x_wconf 84' lang='lat' dir='ltr'>circuli</span> <span class='ocrx_word' id='word_1_62' title='bbox 662 932 704 986; x_wconf 87' lang='lat' dir='ltr'>est</span> <span class='ocrx_word' id='word_1_63' title='bbox 724 930 836 1002; x_wconf 68' lang='lat' dir='ltr'>bourn,</span> <span class='ocrx_word' id='word_1_64' title='bbox 862 945 917 1001; x_wconf 84' lang='lat' dir='ltr'>que</span> <span class='ocrx_word' id='word_1_65' title='bbox 939 932 1105 990; x_wconf 75' lang='lat' dir='ltr'>continetur</span> <span class='ocrx_word' id='word_1_66' title='bbox 1128 951 1148 990; x_wconf 86' lang='lat' dir='ltr'>u</span> 
     </span>
     <span class='ocr_line' id='line_1_10' title="bbox 126 1015 1145 1091; baseline 0.007 -19"><span class='ocrx_word' id='word_1_67' title='bbox 126 1015 204 1072; x_wconf 84' lang='lat' dir='ltr'>lineo</span> <span class='ocrx_word' id='word_1_68' title='bbox 240 1020 317 1074; x_wconf 83' lang='lat' dir='ltr'>rectu</span> <span class='ocrx_word' id='word_1_69' title='bbox 355 1021 381 1074; x_wconf 90' lang='lat' dir='ltr'>et</span> <span class='ocrx_word' id='word_1_70' title='bbox 410 1019 543 1091; x_wconf 74' lang='lat' dir='ltr'>portione</span> <span class='ocrx_word' id='word_1_71' title='bbox 579 1035 666 1076; x_wconf 85' lang='lat' dir='ltr'>arcus</span> <span class='ocrx_word' id='word_1_72' title='bbox 703 1018 919 1090; x_wconf 77' lang='lat' dir='ltr'>circonscrontie</span> <span class='ocrx_word' id='word_1_73' title='bbox 953 1020 1067 1078; x_wconf 83' lang='lat' dir='ltr'>circuli.</span> <span class='ocrx_word' id='word_1_74' title='bbox 1103 1054 1145 1061; x_wconf 96' lang='lat'>—</span> 
     </span>
     <span class='ocr_line' id='line_1_11' title="bbox 85 1103 1146 1183; baseline 0.008 -24"><span class='ocrx_word' id='word_1_75' title='bbox 85 1120 111 1158; x_wconf 89' lang='lat'>10</span> <span class='ocrx_word' id='word_1_76' title='bbox 126 1103 264 1177; x_wconf 71' lang='lat' dir='ltr'>Anqutus</span> <span class='ocrx_word' id='word_1_77' title='bbox 280 1108 426 1179; x_wconf 77' lang='lat' dir='ltr'>portionis</span> <span class='ocrx_word' id='word_1_78' title='bbox 447 1110 495 1174; x_wconf 86' lang='lat' dir='ltr'>est,</span> <span class='ocrx_word' id='word_1_79' title='bbox 518 1108 569 1178; x_wconf 84' lang='lat' dir='ltr'>qui</span> <span class='ocrx_word' id='word_1_80' title='bbox 586 1108 628 1177; x_wconf 76' lang='lat' dir='ltr'>fit,</span> <span class='ocrx_word' id='word_1_81' title='bbox 653 1124 719 1164; x_wconf 81' lang='lat' dir='ltr'>erun</span> <span class='ocrx_word' id='word_1_82' title='bbox 735 1109 870 1180; x_wconf 65' lang='lat' dir='ltr'>sinuatur</span> <span class='ocrx_word' id='word_1_83' title='bbox 888 1108 1035 1180; x_wconf 79' lang='lat' dir='ltr'>quodlibet</span> <span class='ocrx_word' id='word_1_84' title='bbox 1047 1128 1146 1183; x_wconf 82' lang='lat' dir='ltr'>punc-</span> 
     </span>
     <span class='ocr_line' id='line_1_12' title="bbox 125 1196 1147 1271; baseline 0.009 -22"><span class='ocrx_word' id='word_1_85' title='bbox 125 1196 186 1250; x_wconf 80' lang='lat' dir='ltr'>tiun</span> <span class='ocrx_word' id='word_1_86' title='bbox 208 1212 301 1267; x_wconf 84' lang='lat' dir='ltr'>supra</span> <span class='ocrx_word' id='word_1_87' title='bbox 324 1212 425 1253; x_wconf 84' lang='lat' dir='ltr'>arcun</span> <span class='ocrx_word' id='word_1_88' title='bbox 442 1197 596 1269; x_wconf 82' lang='lat' dir='ltr'>portionis,</span> <span class='ocrx_word' id='word_1_89' title='bbox 621 1199 647 1252; x_wconf 87' lang='lat' dir='ltr'>et</span> <span class='ocrx_word' id='word_1_90' title='bbox 662 1196 879 1268; x_wconf 72' lang='lat' dir='ltr'>protrahuntur</span> <span class='ocrx_word' id='word_1_91' title='bbox 901 1197 938 1254; x_wconf 89' lang='lat' dir='ltr'>ub</span> <span class='ocrx_word' id='word_1_92' title='bbox 958 1214 990 1255; x_wconf 90' lang='lat' dir='ltr'>eo</span> <span class='ocrx_word' id='word_1_93' title='bbox 1009 1199 1051 1256; x_wconf 84' lang='lat' dir='ltr'>nd</span> <span class='ocrx_word' id='word_1_94' title='bbox 1069 1201 1147 1271; x_wconf 69' lang='lat' dir='ltr'>pines</span> 
     </span>
     <span class='ocr_line' id='line_1_13' title="bbox 125 1283 1147 1356; baseline 0.006 -16"><span class='ocrx_word' id='word_1_95' title='bbox 125 1283 204 1340; x_wconf 85' lang='lat' dir='ltr'>basis</span> <span class='ocrx_word' id='word_1_96' title='bbox 230 1285 377 1356; x_wconf 80' lang='lat' dir='ltr'>portionis</span> <span class='ocrx_word' id='word_1_97' title='bbox 408 1286 464 1343; x_wconf 90' lang='lat' dir='ltr'>due</span> <span class='ocrx_word' id='word_1_98' title='bbox 492 1287 566 1342; x_wconf 84' lang='lat' dir='ltr'>recte</span> <span class='ocrx_word' id='word_1_99' title='bbox 593 1285 666 1342; x_wconf 87' lang='lat' dir='ltr'>tineo</span> <span class='ocrx_word' id='word_1_100' title='bbox 692 1286 790 1356; x_wconf 85' lang='lat' dir='ltr'>ipsum</span> <span class='ocrx_word' id='word_1_101' title='bbox 817 1285 1000 1344; x_wconf 79' lang='lat' dir='ltr'>continentes.</span> <span class='ocrx_word' id='word_1_102' title='bbox 1031 1318 1072 1328; x_wconf 82' lang='lat'>—</span> <span class='ocrx_word' id='word_1_103' title='bbox 1103 1289 1147 1346; x_wconf 84' lang='lat' dir='ltr'>Et</span> 
     </span>
     <span class='ocr_line' id='line_1_14' title="bbox 124 1370 1146 1448; baseline 0.006 -18"><span class='ocrx_word' id='word_1_104' title='bbox 124 1388 189 1429; x_wconf 79' lang='lat' dir='ltr'>erun</span> <span class='ocrx_word' id='word_1_105' title='bbox 220 1373 277 1430; x_wconf 89' lang='lat' dir='ltr'>due</span> <span class='ocrx_word' id='word_1_106' title='bbox 308 1374 381 1431; x_wconf 82' lang='lat' dir='ltr'>tinec</span> <span class='ocrx_word' id='word_1_107' title='bbox 413 1374 554 1446; x_wconf 78' lang='lat' dir='ltr'>unpulurn</span> <span class='ocrx_word' id='word_1_108' title='bbox 585 1370 795 1448; x_wconf 82' lang='lat' dir='ltr'>[continentes]</span> <span class='ocrx_word' id='word_1_109' title='bbox 822 1374 935 1446; x_wconf 79' lang='lat' dir='ltr'>fuerint</span> <span class='ocrx_word' id='word_1_110' title='bbox 965 1378 1146 1437; x_wconf 82' lang='lat' dir='ltr'>continentes</span> 
     </span>
     <span class='ocr_line' id='line_1_15' title="bbox 123 1463 1145 1541; baseline 0.008 -24"><span class='ocrx_word' id='word_1_111' title='bbox 123 1464 239 1533; x_wconf 80' lang='lat' dir='ltr'>proptor</span> <span class='ocrx_word' id='word_1_112' title='bbox 266 1479 379 1530; x_wconf 80' lang='lat' dir='ltr'>arnon,</span> <span class='ocrx_word' id='word_1_113' title='bbox 408 1467 475 1520; x_wconf 76' lang='lat' dir='ltr'>tinec</span> <span class='ocrx_word' id='word_1_114' title='bbox 498 1463 545 1520; x_wconf 84' lang='lat' dir='ltr'>itte</span> <span class='ocrx_word' id='word_1_115' title='bbox 568 1463 695 1535; x_wconf 63' lang='lat' dir='ltr'>emulus</span> <span class='ocrx_word' id='word_1_116' title='bbox 718 1463 828 1520; x_wconf 88' lang='lat' dir='ltr'>dicetur</span> <span class='ocrx_word' id='word_1_117' title='bbox 850 1466 1024 1536; x_wconf 83' lang='lat' dir='ltr'>compositus</span> <span class='ocrx_word' id='word_1_118' title='bbox 1048 1483 1145 1541; x_wconf 65' lang='lat' dir='ltr'>stupra</span> 
     </span>
     <span class='ocr_line' id='line_1_16' title="bbox 83 1549 1145 1625; baseline 0.007 -19"><span class='ocrx_word' id='word_1_119' title='bbox 83 1566 108 1606; x_wconf 86' lang='lat'>15</span> <span class='ocrx_word' id='word_1_120' title='bbox 123 1549 230 1608; x_wconf 87' lang='lat' dir='ltr'>lineurn</span> <span class='ocrx_word' id='word_1_121' title='bbox 257 1569 351 1610; x_wconf 86' lang='lat' dir='ltr'>orcus.</span> <span class='ocrx_word' id='word_1_122' title='bbox 377 1584 418 1590; x_wconf 97' lang='lat'>—</span> <span class='ocrx_word' id='word_1_123' title='bbox 441 1551 538 1609; x_wconf 81' lang='lat' dir='ltr'>Scctor</span> <span class='ocrx_word' id='word_1_124' title='bbox 564 1552 666 1610; x_wconf 73' lang='lat' dir='ltr'>circui</span> <span class='ocrx_word' id='word_1_125' title='bbox 694 1555 735 1609; x_wconf 87' lang='lat' dir='ltr'>est</span> <span class='ocrx_word' id='word_1_126' title='bbox 760 1553 872 1625; x_wconf 68' lang='lat' dir='ltr'>beura,</span> <span class='ocrx_word' id='word_1_127' title='bbox 901 1570 955 1625; x_wconf 81' lang='lat' dir='ltr'>que</span> <span class='ocrx_word' id='word_1_128' title='bbox 978 1557 1145 1615; x_wconf 87' lang='lat' dir='ltr'>continetur</span> 
     </span>
     <span class='ocr_line' id='line_1_17' title="bbox 123 1640 1142 1717; baseline 0.008 -21"><span class='ocrx_word' id='word_1_129' title='bbox 123 1657 142 1696; x_wconf 90' lang='lat' dir='ltr'>u</span> <span class='ocrx_word' id='word_1_130' title='bbox 169 1640 284 1698; x_wconf 86' lang='lat' dir='ltr'>duobus</span> <span class='ocrx_word' id='word_1_131' title='bbox 314 1642 399 1698; x_wconf 88' lang='lat' dir='ltr'>rectis</span> <span class='ocrx_word' id='word_1_132' title='bbox 431 1641 515 1698; x_wconf 85' lang='lat' dir='ltr'>tineis</span> <span class='ocrx_word' id='word_1_133' title='bbox 542 1641 751 1698; x_wconf 88' lang='lat' dir='ltr'>continentibus</span> <span class='ocrx_word' id='word_1_134' title='bbox 783 1658 849 1699; x_wconf 79' lang='lat' dir='ltr'>euni</span> <span class='ocrx_word' id='word_1_135' title='bbox 881 1659 955 1700; x_wconf 84' lang='lat' dir='ltr'>arou</span> <span class='ocrx_word' id='word_1_136' title='bbox 987 1647 1142 1717; x_wconf 65' lang='lat' dir='ltr'>umatum,</span> 
     </span>
     <span class='ocr_line' id='line_1_18' title="bbox 122 1730 1143 1802; baseline 0.006 -16"><span class='ocrx_word' id='word_1_137' title='bbox 122 1730 172 1800; x_wconf 81' lang='lat' dir='ltr'>qui</span> <span class='ocrx_word' id='word_1_138' title='bbox 193 1747 287 1802; x_wconf 84' lang='lat' dir='ltr'>snpra</span> <span class='ocrx_word' id='word_1_139' title='bbox 309 1731 407 1801; x_wconf 80' lang='lat' dir='ltr'>ipsun</span> <span class='ocrx_word' id='word_1_140' title='bbox 429 1731 609 1801; x_wconf 82' lang='lat' dir='ltr'>conpositus,</span> <span class='ocrx_word' id='word_1_141' title='bbox 633 1730 741 1788; x_wconf 87' lang='lat' dir='ltr'>scilieet</span> <span class='ocrx_word' id='word_1_142' title='bbox 761 1747 827 1788; x_wconf 86' lang='lat' dir='ltr'>curn</span> <span class='ocrx_word' id='word_1_143' title='bbox 848 1747 937 1789; x_wconf 86' lang='lat' dir='ltr'>orcus</span> <span class='ocrx_word' id='word_1_144' title='bbox 955 1733 1143 1794; x_wconf 76' lang='lat' dir='ltr'>subtenditur</span> 
     </span>
     <span class='ocr_line' id='line_1_19' title="bbox 122 1819 238 1888; baseline 0 -14"><span class='ocrx_word' id='word_1_145' title='bbox 122 1819 238 1888; x_wconf 76' lang='lat' dir='ltr'>onpulo.</span> 
     </span>
     <span class='ocr_line' id='line_1_20' title="bbox 212 1905 1143 1986; baseline 0.009 -24"><span class='ocrx_word' id='word_1_146' title='bbox 212 1905 367 1963; x_wconf 81' lang='lat' dir='ltr'>Sectomm</span> <span class='ocrx_word' id='word_1_147' title='bbox 399 1905 511 1979; x_wconf 88' lang='lat' dir='ltr'>species</span> <span class='ocrx_word' id='word_1_148' title='bbox 544 1906 599 1964; x_wconf 89' lang='lat' dir='ltr'>due</span> <span class='ocrx_word' id='word_1_149' title='bbox 633 1909 715 1981; x_wconf 88' lang='lat' dir='ltr'>sunt,</span> <span class='ocrx_word' id='word_1_150' title='bbox 748 1926 874 1983; x_wconf 88' lang='lat' dir='ltr'>quarum</span> <span class='ocrx_word' id='word_1_151' title='bbox 906 1927 967 1966; x_wconf 90' lang='lat' dir='ltr'>nna</span> <span class='ocrx_word' id='word_1_152' title='bbox 1000 1913 1047 1968; x_wconf 87' lang='lat' dir='ltr'>est</span> <span class='ocrx_word' id='word_1_153' title='bbox 1080 1911 1143 1986; x_wconf 71' lang='lat' dir='ltr'>illu,</span> 
     </span>
     <span class='ocr_line' id='line_1_21' title="bbox 82 1992 1141 2073; baseline 0.008 -23"><span class='ocrx_word' id='word_1_154' title='bbox 82 2011 109 2050; x_wconf 78' lang='lat' dir='ltr'>eo</span> <span class='ocrx_word' id='word_1_155' title='bbox 123 1992 205 2051; x_wconf 89' lang='lat' dir='ltr'>cuius</span> <span class='ocrx_word' id='word_1_156' title='bbox 239 1994 365 2070; x_wconf 83' lang='lat' dir='ltr'>angulus</span> <span class='ocrx_word' id='word_1_157' title='bbox 398 2012 488 2070; x_wconf 88' lang='lat' dir='ltr'>supra</span> <span class='ocrx_word' id='word_1_158' title='bbox 518 1995 775 2054; x_wconf 89' lang='lat' dir='ltr'>circonferentiam</span> <span class='ocrx_word' id='word_1_159' title='bbox 803 1996 916 2070; x_wconf 80' lang='lat' dir='ltr'>existit3</span> <span class='ocrx_word' id='word_1_160' title='bbox 950 1997 1025 2073; x_wconf 83' lang='lat' dir='ltr'>alia,</span> <span class='ocrx_word' id='word_1_161' title='bbox 1059 2001 1141 2060; x_wconf 90' lang='lat' dir='ltr'>euius</span> 
     </span>
     <span class='ocr_line' id='line_1_22' title="bbox 122 2082 1140 2164; baseline 0.011 -26"><span class='ocrx_word' id='word_1_162' title='bbox 122 2082 249 2158; x_wconf 80' lang='lat' dir='ltr'>angulus</span> <span class='ocrx_word' id='word_1_163' title='bbox 278 2082 414 2142; x_wconf 89' lang='lat' dir='ltr'>consistit</span> <span class='ocrx_word' id='word_1_164' title='bbox 439 2102 528 2159; x_wconf 88' lang='lat' dir='ltr'>supra</span> <span class='ocrx_word' id='word_1_165' title='bbox 552 2087 694 2142; x_wconf 88' lang='lat' dir='ltr'>centrum.</span> <span class='ocrx_word' id='word_1_166' title='bbox 741 2085 800 2143; x_wconf 82' lang='lat' dir='ltr'>Sed</span> <span class='ocrx_word' id='word_1_167' title='bbox 822 2085 905 2143; x_wconf 88' lang='lat' dir='ltr'>euius</span> <span class='ocrx_word' id='word_1_168' title='bbox 929 2089 1059 2164; x_wconf 85' lang='lat' dir='ltr'>angulus</span> <span class='ocrx_word' id='word_1_169' title='bbox 1082 2109 1140 2148; x_wconf 92' lang='lat' dir='ltr'>non</span> 
     </span>
     <span class='ocr_line' id='line_1_23' title="bbox 122 2172 1140 2252; baseline 0.009 -25"><span class='ocrx_word' id='word_1_170' title='bbox 122 2172 258 2229; x_wconf 89' lang='lat' dir='ltr'>consistit</span> <span class='ocrx_word' id='word_1_171' title='bbox 281 2190 370 2247; x_wconf 89' lang='lat' dir='ltr'>supra</span> <span class='ocrx_word' id='word_1_172' title='bbox 393 2177 536 2247; x_wconf 78' lang='lat' dir='ltr'>centrum,</span> <span class='ocrx_word' id='word_1_173' title='bbox 559 2193 654 2248; x_wconf 90' lang='lat' dir='ltr'>neque</span> <span class='ocrx_word' id='word_1_174' title='bbox 679 2192 769 2248; x_wconf 91' lang='lat' dir='ltr'>supra</span> <span class='ocrx_word' id='word_1_175' title='bbox 788 2173 1058 2252; x_wconf 71' lang='lat' dir='ltr'>circonierentiam</span> <span class='ocrx_word' id='word_1_176' title='bbox 1082 2197 1140 2238; x_wconf 88' lang='lat' dir='ltr'>non</span> 
     </span>
     <span class='ocr_line' id='line_1_24' title="bbox 122 2256 793 2344; baseline 0.004 -27"><span class='ocrx_word' id='word_1_177' title='bbox 122 2263 167 2318; x_wconf 91' lang='lat' dir='ltr'>est</span> <span class='ocrx_word' id='word_1_178' title='bbox 191 2264 347 2336; x_wconf 86' lang='lat' dir='ltr'>sectorum,</span> <span class='ocrx_word' id='word_1_179' title='bbox 370 2266 498 2338; x_wconf 76' lang='lat' dir='ltr'>equatur</span> <span class='ocrx_word' id='word_1_180' title='bbox 519 2266 620 2320; x_wconf 88' lang='lat' dir='ltr'>tamen</span> <span class='ocrx_word' id='word_1_181' title='bbox 644 2256 793 2344; x_wconf 72' lang='lat' dir='ltr'>sectori.²)</span> 
     </span>
     <span class='ocr_line' id='line_1_25' title="bbox 209 2351 1140 2428; baseline 0.008 -20"><span class='ocrx_word' id='word_1_182' title='bbox 209 2351 381 2409; x_wconf 84' lang='lat' dir='ltr'>Eucmnns:</span> <span class='ocrx_word' id='word_1_183' title='bbox 411 2354 556 2410; x_wconf 83' lang='lat' dir='ltr'>Portiones</span> <span class='ocrx_word' id='word_1_184' title='bbox 579 2353 753 2410; x_wconf 83' lang='lat' dir='ltr'>circulorum</span> <span class='ocrx_word' id='word_1_185' title='bbox 774 2353 880 2411; x_wconf 84' lang='lat' dir='ltr'>sinitis</span> <span class='ocrx_word' id='word_1_186' title='bbox 902 2357 985 2421; x_wconf 87' lang='lat' dir='ltr'>sunt,</span> <span class='ocrx_word' id='word_1_187' title='bbox 1012 2373 1140 2428; x_wconf 82' lang='lat' dir='ltr'>quarum</span> 
     </span>
     <span class='ocr_line' id='line_1_26' title="bbox 81 2440 1139 2515; baseline 0.009 -19"><span class='ocrx_word' id='word_1_188' title='bbox 81 2456 107 2496; x_wconf 77' lang='lat'>25</span> <span class='ocrx_word' id='word_1_189' title='bbox 121 2440 223 2512; x_wconf 74' lang='lat' dir='ltr'>cupuli</span> <span class='ocrx_word' id='word_1_190' title='bbox 246 2444 315 2498; x_wconf 90' lang='lat' dir='ltr'>sunt</span> <span class='ocrx_word' id='word_1_191' title='bbox 337 2443 468 2514; x_wconf 83' lang='lat' dir='ltr'>equuies;</span> <span class='ocrx_word' id='word_1_192' title='bbox 492 2445 518 2499; x_wconf 90' lang='lat' dir='ltr'>et</span> <span class='ocrx_word' id='word_1_193' title='bbox 540 2459 666 2514; x_wconf 79' lang='lat' dir='ltr'>quarunt</span> <span class='ocrx_word' id='word_1_194' title='bbox 688 2443 803 2515; x_wconf 71' lang='lat' dir='ltr'>cupuli,</span> <span class='ocrx_word' id='word_1_195' title='bbox 828 2443 933 2515; x_wconf 79' lang='lat' dir='ltr'>quiin</span> <span class='ocrx_word' id='word_1_196' title='bbox 957 2445 999 2502; x_wconf 88' lang='lat' dir='ltr'>eis</span> <span class='ocrx_word' id='word_1_197' title='bbox 1022 2447 1139 2514; x_wconf 83' lang='lat' dir='ltr'>cudunt,</span> 
     </span>
     <span class='ocr_line' id='line_1_27' title="bbox 121 2531 655 2603; baseline 0 -17"><span class='ocrx_word' id='word_1_198' title='bbox 121 2533 190 2586; x_wconf 89' lang='lat' dir='ltr'>sunt</span> <span class='ocrx_word' id='word_1_199' title='bbox 213 2531 340 2601; x_wconf 82' lang='lat' dir='ltr'>equulos,</span> <span class='ocrx_word' id='word_1_200' title='bbox 364 2533 426 2603; x_wconf 88' lang='lat' dir='ltr'>ipse</span> <span class='ocrx_word' id='word_1_201' title='bbox 448 2535 517 2589; x_wconf 89' lang='lat' dir='ltr'>sunt</span> <span class='ocrx_word' id='word_1_202' title='bbox 539 2532 655 2589; x_wconf 83' lang='lat' dir='ltr'>similes.</span> 
     </span>
    </p>
   </div>
   <div class='ocr_carea' id='block_1_3' title="bbox 193 2734 1064 2803">
    <p class='ocr_par' dir='ltr' id='par_1_3' title="bbox 193 2734 1064 2803">
     <span class='ocr_line' id='line_1_28' title="bbox 193 2734 1064 2803; baseline -0.002 -14"><span class='ocrx_word' id='word_1_203' title='bbox 193 2743 233 2790; x_wconf 83' lang='lat'>15.</span> <span class='ocrx_word' id='word_1_204' title='bbox 255 2735 356 2789; x_wconf 81' lang='lat' dir='ltr'>Sestio.</span> <span class='ocrx_word' id='word_1_205' title='bbox 376 2767 411 2774; x_wconf 93' lang='lat'>-</span> <span class='ocrx_word' id='word_1_206' title='bbox 431 2741 471 2789; x_wconf 87' lang='lat'>19.</span> <span class='ocrx_word' id='word_1_207' title='bbox 493 2734 640 2789; x_wconf 85' lang='lat' dir='ltr'>Sectionis.</span> <span class='ocrx_word' id='word_1_208' title='bbox 660 2767 694 2775; x_wconf 99' lang='lat'><em>-</em></span> <span class='ocrx_word' id='word_1_209' title='bbox 714 2734 844 2803; x_wconf 80' lang='lat' dir='ltr'>esicius,</span> <span class='ocrx_word' id='word_1_210' title='bbox 863 2734 951 2788; x_wconf 88' lang='lat' dir='ltr'>cuius.</span> <span class='ocrx_word' id='word_1_211' title='bbox 1061 2770 1064 2777; x_wconf 89' lang='lat'>-</span> 
     </span>
    </p>
   </div>
   <div class='ocr_carea' id='block_1_4' title="bbox 119 2947 1139 3518">
    <p class='ocr_par' dir='ltr' id='par_1_4' title="bbox 121 2947 1138 3089">
     <span class='ocr_line' id='line_1_29' title="bbox 193 2947 1138 3019; baseline 0.002 -17"><span class='ocrx_word' id='word_1_212' title='bbox 193 2954 218 3019; x_wconf 90' lang='lat'>1)</span> <span class='ocrx_word' id='word_1_213' title='bbox 243 2949 376 3004; x_wconf 83' lang='lat' dir='ltr'>Conferas</span> <span class='ocrx_word' id='word_1_214' title='bbox 401 2966 464 3002; x_wconf 89' lang='lat' dir='ltr'>cum</span> <span class='ocrx_word' id='word_1_215' title='bbox 486 2948 540 3001; x_wconf 86' lang='lat' dir='ltr'>hac</span> <span class='ocrx_word' id='word_1_216' title='bbox 564 2947 728 3003; x_wconf 90' lang='lat' dir='ltr'>definitione</span> <span class='ocrx_word' id='word_1_217' title='bbox 751 2949 887 3018; x_wconf 67' lang='lat' dir='ltr'>Henetus,</span> <span class='ocrx_word' id='word_1_218' title='bbox 916 2950 993 3016; x_wconf 92' lang='lat' dir='ltr'>quod</span> <span class='ocrx_word' id='word_1_219' title='bbox 1018 2950 1138 3006; x_wconf 69' lang='lat' dir='ltr'>(inmens</span> 
     </span>
     <span class='ocr_line' id='line_1_30' title="bbox 121 3019 933 3089; baseline 0 -15"><span class='ocrx_word' id='word_1_220' title='bbox 121 3022 155 3074; x_wconf 91' lang='lat' dir='ltr'>de</span> <span class='ocrx_word' id='word_1_221' title='bbox 175 3020 261 3074; x_wconf 85' lang='lat' dir='ltr'>simili</span> <span class='ocrx_word' id='word_1_222' title='bbox 280 3038 310 3074; x_wconf 86' lang='lat' dir='ltr'>re</span> <span class='ocrx_word' id='word_1_223' title='bbox 329 3021 358 3073; x_wconf 94' lang='lat' dir='ltr'>in</span> <span class='ocrx_word' id='word_1_224' title='bbox 377 3020 450 3074; x_wconf 90' lang='lat' dir='ltr'>libro</span> <span class='ocrx_word' id='word_1_225' title='bbox 469 3019 560 3088; x_wconf 89' lang='lat' dir='ltr'>primo</span> <span class='ocrx_word' id='word_1_226' title='bbox 579 3019 658 3075; x_wconf 82' lang='lat' dir='ltr'>dixit.</span> <span class='ocrx_word' id='word_1_227' title='bbox 697 3021 787 3088; x_wconf 79' lang='lat' dir='ltr'>Supra</span> <span class='ocrx_word' id='word_1_228' title='bbox 804 3037 870 3089; x_wconf 85' lang='lat' dir='ltr'>pag.</span> <span class='ocrx_word' id='word_1_229' title='bbox 891 3025 933 3074; x_wconf 88' lang='grc'>66.</span> 
     </span>
    </p>

    <p class='ocr_par' dir='ltr' id='par_1_5' title="bbox 119 3089 1139 3518">
     <span class='ocr_line' id='line_1_31' title="bbox 192 3089 1139 3156; baseline 0.001 -10"><span class='ocrx_word' id='word_1_230' title='bbox 192 3098 218 3156; x_wconf 72' lang='grc'>2)</span> <span class='ocrx_word' id='word_1_231' title='bbox 243 3091 320 3145; x_wconf 88' lang='lat' dir='ltr'>Talis</span> <span class='ocrx_word' id='word_1_232' title='bbox 340 3095 432 3146; x_wconf 85' lang='lat' dir='ltr'>sector</span> <span class='ocrx_word' id='word_1_233' title='bbox 456 3090 630 3144; x_wconf 89' lang='lat' dir='ltr'>excentricus</span> <span class='ocrx_word' id='word_1_234' title='bbox 653 3091 796 3145; x_wconf 87' lang='lat' dir='ltr'>invenitur</span> <span class='ocrx_word' id='word_1_235' title='bbox 814 3091 845 3144; x_wconf 95' lang='lat' dir='ltr'>in</span> <span class='ocrx_word' id='word_1_236' title='bbox 863 3089 937 3146; x_wconf 86' lang='lat' dir='ltr'>libro</span> <span class='ocrx_word' id='word_1_237' title='bbox 956 3090 1090 3147; x_wconf 77' lang='lat' dir='ltr'>Eucnmm</span> <span class='ocrx_word' id='word_1_238' title='bbox 1110 3096 1139 3149; x_wconf 90' lang='lat' dir='ltr'>de</span> 
     </span>
     <span class='ocr_line' id='line_1_32' title="bbox 120 3161 1139 3232; baseline 0.001 -14"><span class='ocrx_word' id='word_1_239' title='bbox 120 3165 301 3219; x_wconf 82' lang='lat' dir='ltr'>divisionibus</span> <span class='ocrx_word' id='word_1_240' title='bbox 326 3180 342 3216; x_wconf 87' lang='lat' dir='ltr'>a</span> <span class='ocrx_word' id='word_1_241' title='bbox 369 3163 522 3215; x_wconf 73' lang='lat' dir='ltr'>Wonrcmo</span> <span class='ocrx_word' id='word_1_242' title='bbox 553 3179 585 3215; x_wconf 86' lang='lat' dir='ltr'>ex</span> <span class='ocrx_word' id='word_1_243' title='bbox 614 3162 728 3216; x_wconf 87' lang='lat' dir='ltr'>arabico</span> <span class='ocrx_word' id='word_1_244' title='bbox 757 3162 842 3216; x_wconf 89' lang='lat' dir='ltr'>edito.</span> <span class='ocrx_word' id='word_1_245' title='bbox 888 3161 933 3216; x_wconf 88' lang='lat' dir='ltr'>lbi</span> <span class='ocrx_word' id='word_1_246' title='bbox 956 3180 1008 3232; x_wconf 90' lang='lat' dir='ltr'>per</span> <span class='ocrx_word' id='word_1_247' title='bbox 1035 3163 1139 3219; x_wconf 65' lang='lat' dir='ltr'>finum</span> 
     </span>
     <span class='ocr_line' id='line_1_33' title="bbox 119 3233 1137 3304; baseline 0.004 -18"><span class='ocrx_word' id='word_1_248' title='bbox 119 3237 226 3289; x_wconf 87' lang='lat' dir='ltr'>rectam</span> <span class='ocrx_word' id='word_1_249' title='bbox 245 3235 273 3288; x_wconf 92' lang='lat' dir='ltr'>in</span> <span class='ocrx_word' id='word_1_250' title='bbox 294 3235 364 3288; x_wconf 87' lang='lat' dir='ltr'>duas</span> <span class='ocrx_word' id='word_1_251' title='bbox 384 3233 499 3302; x_wconf 84' lang='lat' dir='ltr'>equales</span> <span class='ocrx_word' id='word_1_252' title='bbox 519 3233 657 3287; x_wconf 72' lang='lat' dir='ltr'>sectiones</span> <span class='ocrx_word' id='word_1_253' title='bbox 677 3233 821 3288; x_wconf 88' lang='lat' dir='ltr'>dividitur.</span> <span class='ocrx_word' id='word_1_254' title='bbox 860 3233 914 3288; x_wconf 81' lang='lat' dir='ltr'>cfr.</span> <span class='ocrx_word' id='word_1_255' title='bbox 929 3233 1049 3304; x_wconf 68' lang='lat' dir='ltr'>Crunos,</span> <span class='ocrx_word' id='word_1_256' title='bbox 1074 3237 1137 3291; x_wconf 87' lang='lat' dir='ltr'>Vor-</span> 
     </span>
     <span class='ocr_line' id='line_1_34' title="bbox 120 3305 1137 3376; baseline 0 -16"><span class='ocrx_word' id='word_1_257' title='bbox 120 3308 249 3376; x_wconf 78' lang='lat' dir='ltr'>iesunpen</span> <span class='ocrx_word' id='word_1_258' title='bbox 267 3309 333 3360; x_wconf 79' lang='lat' dir='ltr'>iiber</span> <span class='ocrx_word' id='word_1_259' title='bbox 353 3307 507 3360; x_wconf 80' lang='lat' dir='ltr'>Gesobicbte</span> <span class='ocrx_word' id='word_1_260' title='bbox 526 3307 572 3358; x_wconf 85' lang='lat' dir='ltr'>der</span> <span class='ocrx_word' id='word_1_261' title='bbox 591 3306 773 3360; x_wconf 78' lang='lat' dir='ltr'>Mathematilc</span> <span class='ocrx_word' id='word_1_262' title='bbox 790 3305 824 3374; x_wconf 81' lang='lat'>1²,</span> <span class='ocrx_word' id='word_1_263' title='bbox 844 3311 896 3359; x_wconf 79' lang='lat'>273</span> <span class='ocrx_word' id='word_1_264' title='bbox 916 3308 945 3360; x_wconf 89' lang='lat' dir='ltr'>et</span> <span class='ocrx_word' id='word_1_265' title='bbox 963 3305 1020 3361; x_wconf 84' lang='lat' dir='ltr'>vol.</span> <span class='ocrx_word' id='word_1_266' title='bbox 1036 3306 1063 3360; x_wconf 93' lang='lat' dir='ltr'><strong>V</strong></span> <span class='ocrx_word' id='word_1_267' title='bbox 1082 3306 1137 3362; x_wconf 91' lang='lat' dir='ltr'>edi·</span> 
     </span>
     <span class='ocr_line' id='line_1_35' title="bbox 119 3375 1138 3445; baseline 0.003 -15"><span class='ocrx_word' id='word_1_268' title='bbox 119 3377 206 3431; x_wconf 88' lang='lat' dir='ltr'>tionis</span> <span class='ocrx_word' id='word_1_269' title='bbox 225 3377 357 3430; x_wconf 79' lang='lat' dir='ltr'>Enenmis</span> <span class='ocrx_word' id='word_1_270' title='bbox 376 3377 522 3429; x_wconf 83' lang='lat' dir='ltr'>Hnmnncn</span> <span class='ocrx_word' id='word_1_271' title='bbox 540 3395 566 3444; x_wconf 89' lang='lat' dir='ltr'>p.</span> <span class='ocrx_word' id='word_1_272' title='bbox 584 3382 636 3430; x_wconf 79' lang='lat'>260</span> <span class='ocrx_word' id='word_1_273' title='bbox 660 3375 797 3429; x_wconf 90' lang='lat' dir='ltr'>scholium</span> <span class='ocrx_word' id='word_1_274' title='bbox 817 3383 845 3445; x_wconf 89' lang='grc'>6,</span> <span class='ocrx_word' id='word_1_275' title='bbox 869 3377 947 3445; x_wconf 86' lang='lat' dir='ltr'>quod</span> <span class='ocrx_word' id='word_1_276' title='bbox 965 3377 1004 3431; x_wconf 92' lang='lat' dir='ltr'>ad</span> <span class='ocrx_word' id='word_1_277' title='bbox 1022 3379 1138 3433; x_wconf 85' lang='lat' dir='ltr'>verbum</span> 
     </span>
     <span class='ocr_line' id='line_1_36' title="bbox 120 3447 1136 3518; baseline 0.003 -17"><span class='ocrx_word' id='word_1_278' title='bbox 120 3465 183 3501; x_wconf 91' lang='lat' dir='ltr'>cum</span> <span class='ocrx_word' id='word_1_279' title='bbox 195 3448 339 3518; x_wconf 85' lang='lat' dir='ltr'>praesenti</span> <span class='ocrx_word' id='word_1_280' title='bbox 353 3447 460 3502; x_wconf 88' lang='lat' dir='ltr'>scholio</span> <span class='ocrx_word' id='word_1_281' title='bbox 476 3448 623 3502; x_wconf 89' lang='lat' dir='ltr'>consentit.</span> <span class='ocrx_word' id='word_1_282' title='bbox 652 3448 712 3501; x_wconf 91' lang='lat' dir='ltr'>Hoc</span> <span class='ocrx_word' id='word_1_283' title='bbox 727 3447 864 3501; x_wconf 85' lang='lat' dir='ltr'>scholium</span> <span class='ocrx_word' id='word_1_284' title='bbox 880 3447 968 3502; x_wconf 91' lang='lat' dir='ltr'>etiam</span> <span class='ocrx_word' id='word_1_285' title='bbox 977 3448 1015 3503; x_wconf 86' lang='lat' dir='ltr'>ab</span> <span class='ocrx_word' id='word_1_286' title='bbox 1024 3449 1136 3504; x_wconf 72' lang='lat' dir='ltr'>Hancne</span> 
     </span>
    </p>
   </div>
   <div class='ocr_carea' id='block_1_5' title="bbox 72 3519 494 3624">
    <p class='ocr_par' dir='ltr' id='par_1_6' title="bbox 72 3519 494 3624">
     <span class='ocr_line' id='line_1_37' title="bbox 72 3519 494 3624; baseline 0.002 -52"><span class='ocrx_word' id='word_1_287' title='bbox 72 3520 275 3624; x_wconf 35' lang='lat' dir='ltr'>&amp;profectum</span> <span class='ocrx_word' id='word_1_288' title='bbox 295 3536 355 3574; x_wconf 87' lang='lat' dir='ltr'>esse</span> <span class='ocrx_word' id='word_1_289' title='bbox 375 3519 494 3573; x_wconf 88' lang='lat' dir='ltr'>videtur.</span> 
     </span>
    </p>
   </div>
   <div class='ocr_carea' id='block_1_6' title="bbox 0 0 1208 3848">
    <p class='ocr_par' dir='ltr' id='par_1_7' title="bbox 0 0 1208 3848">
     <span class='ocr_line' id='line_1_38' title="bbox 0 0 1208 3848; baseline 0 3"><span class='ocrx_word' id='word_1_290' title='bbox 0 0 1208 3848; x_wconf 95' lang='lat' dir='ltr'> </span> 
     </span>
    </p>
   </div>
  </div>
 </body>
</html>
