2408 3848
119 133 161 196 74
403 133 570 196 ANARITII
588 131 846 188 COMMENTARII

115 303 246 363 eesime
265 294 425 382 prim01)‚
444 303 543 362 loeus
562 302 729 376 sequitur
746 287 903 378 figuram
917 294 1128 384 deeimamfl)

117 390 175 449 Sed
198 391 269 466 quia
292 391 353 449 eius
377 391 514 466 probatio
537 392 702 466 completur
724 393 793 467 poet
815 391 891 450 haue
912 390 1050 468 figuram,
1073 391 1129 455 fuit

117 480 302 555 conveniens,
320 482 355 539 ut
373 480 426 538 hee
444 481 540 557 figure
558 483 731 555 sequeretur
750 481 838 555 31³m,
862 479 1005 555 quoniam
1023 479 1129 541 divisio

115 569 192 626 linee
221 569 299 628 inter
326 570 445 644 equales
472 573 572 644 partes
601 571 646 628 est
673 569 839 631 necessaria
861 568 1015 646 infigura
1038 570 1129 635 tereia

88 657 229 716 bdeeima
252 657 346 733 partis
369 662 458 717 sexte.

205 745 251 804 sit
279 767 348 824 erge
375 747 455 806 linea
483 749 537 822 ab,
565 765 655 822 supra
683 747 765 807 euius
793 746 851 809 due
879 749 992 822 puneta
1016 765 1036 809 a
1059 750 1129 815 stt

115 834 189 894 duas
213 836 327 912 erigam
349 835 616 912 perpendiculares
645 838 815 912 quantaque
838 836 986 903 voluimus
1011 839 1128 912 quanti·

114 927 186 1000 tate,
211 944 268 1000 que
291 925 352 985 sint
370 943 423 1000 aq,
447 926 503 1000 bd,
527 929 558 984 et
580 925 640 985 sint
663 925 797 1000 equales,
826 943 952 1000 quarum
980 944 1129 1003 quamque

114 1013 146 1075 iu
170 1013 228 1072 duo
258 1013 355 1072 media
386 1014 418 1072 in
449 1015 566 1090 punctis
595 1016 662 1074 eet
684 1019 696 1072 t
717 1013 864 1088 dividam,
896 1017 926 1072 et
953 1015 1130 1089 protraham

72 2182 98 2222 10
112 2167 187 2225 duas
210 2165 304 2224 lineas
325 2169 369 2239 qt,
393 2167 440 2240 ed,
463 2169 493 2223 et
515 2165 676 2241 producam
700 2184 718 2223 a
740 2170 850 2241 puncto
873 2185 889 2226 e
907 2167 1019 2227 lineam
1042 2170 1125 2246 equi·

112 2256 274 2315 distantem
296 2255 408 2313 duabus
432 2254 726 2330 perpendicularibus
750 2273 806 2330 eq,
830 2257 881 2314 bd.
927 2257 968 2314 llt
987 2257 1060 2334 quia
1083 2277 1126 2334 aq

112 2343 275 2420 equidistat
298 2345 353 2419 ed,
377 2344 490 2402 scilieet
505 2361 544 2417 qe
563 2343 726 2418 equidistat
744 2345 781 2402 tel
800 2347 830 2402 et
853 2348 979 2420 equatur
1003 2348 1038 2405 ei.
1085 2349 1126 2407 Et

110 2435 201 2507 linee,
229 2452 285 2508 que
313 2433 509 2510 coniungunt,
539 2433 619 2508 quud
642 2435 687 2491 est
713 2432 791 2490 inter
819 2434 1020 2495 extremitates
1050 2437 1124 2496 line-

111 2541 196 2581 arum
214 2522 458 2597 equidistantium
482 2525 511 2580 et
530 2521 688 2597 equalium,
712 2523 782 2579 sunt
800 2522 892 2580 etiam
910 2525 1032 2598 equales
1051 2521 1124 2603 <et)

71 2624 97 2665 15
111 2611 340 2687 equidietantes:
364 2630 433 2686 ergo
458 2610 514 2669 due
537 2611 614 2669 liuee
631 2615 676 2686 qt,
696 2611 735 2668 ed
753 2613 824 2669 sunt
843 2613 963 2687 equales
987 2616 1018 2672 et
1041 2615 1124 2691 equi-

110 2701 262 2759 distantes
318 2699 376 2759 Sed
406 2700 485 2758 linea
512 2700 551 2759 ele
579 2699 641 2757 iam
671 2699 730 2757 fuit
761 2700 906 2774 producta
938 2702 1124 2777 equidistaus

110 2790 187 2847 linea
212 2808 264 2864 qe,
292 2791 322 2847 et
348 2788 428 2847 linea
452 2806 492 2862 qe
520 2788 682 2863 equidistat
708 2788 785 2847 liuee
813 2789 859 2864 ele,
887 2810 957 2867 erge
980 2791 1063 2851 linea
1085 2794 1125 2853 ele

111 2877 225 2954 equalis
248 2877 348 2936 existit
370 2877 447 2935 linee
467 2895 520 2952 qe,
544 2877 686 2953 quoniam
705 2877 804 2935 omnia
823 2878 880 2937 duo
899 2880 996 2938 latera
1020 2901 1123 2958 super·

181 3052 221 3171 33t
229 3049 262 3100 ut
283 3045 356 3099 hanc
375 3046 493 3115 figuram
517 3047 680 3114 sequeretur
698 3051 754 3101 31³.
785 3079 816 3086 —
847 3050 924 3102 7-8.
949 3049 1122 3116 quantitatis

111 3134 164 3186 que
184 3136 227 3172 er.

110 3227 322 3239 ,ῤ’-

183 3298 208 3365 1)
230 3295 366 3349 Eucmnas
384 3295 410 3363 Ι,
430 3299 476 3349 31:
505 3295 532 3347 A
547 3301 649 3364 peneto
672 3301 750 3349 aetra
769 3296 869 3350 lineam
888 3298 950 3352 date
969 3297 1039 3352 linea
1055 3317 1123 3369 pro·

105 3369 193 3436 posite
211 3368 417 3436 equidistaatem
434 3367 537 3420 ducere.

181 3440 207 3508 2)
231 3438 366 3492 Eucrmas
385 3438 410 3506 Ι,
431 3442 477 3491 10:
506 3439 652 3506 Proposita
676 3438 749 3492 linea
771 3445 844 3493 reeta
865 3456 925 3493 eam
940 3456 991 3508 per
1009 3443 1124 3511 aqualia

110 3511 236 3565 dividere.
265 3509 369 3563 Textus
383 3509 530 3562 Hammon
547 3526 660 3578 prorsus
679 3507 773 3563 alinea
792 3512 835 3563 est
854 3527 871 3563 a
889 3513 968 3564 textu
983 3510 1124 3569 Aliarum.
