2408 3848
114 165 179 230 246
400 163 566 218 ANARITII
584 161 842 218 COMMENTARII

113 335 176 409 ipse
195 333 349 392 continent
362 331 548 407 superficiem
561 332 747 404 rationalem,
763 331 1012 407 quemadmodum
1027 335 1130 390 osten-

113 441 180 482 sum
212 424 257 480 est
285 421 317 478 in
344 420 577 496 precedentibus.
633 420 691 479 Sed
723 420 749 478 si
775 421 853 479 linee
882 425 912 480 ct
938 423 969 479 et
997 421 1030 478 tle
1058 440 1130 480 con-

114 510 243 569 tinerent
265 509 450 584 rationalem,
473 529 532 568 non
556 513 633 568 esset
655 509 805 585 possibile,
828 513 862 568 ut
885 512 963 568 esset
984 528 1047 567 una
1076 529 1131 568 sex

113 599 259 658 linearum
286 617 343 673 que
371 601 442 656 sunt
467 597 611 674 binomia,
645 618 702 673 que
730 601 799 656 sunt
824 617 842 656 a
868 599 965 674 primo
993 598 1130 658 binomio

86 701 209 764 susque
238 687 276 745 ad
303 689 426 745 sextum.
477 686 561 756 Quod
587 687 654 747 ideo
683 690 741 761 est,
770 687 910 763 quoniam
939 688 1132 763 unumquod-

245 855 469 917 ⁶29-

254 1169 467 1177 ——.-—-—-—-—

317 1179 332 1232 b
458 1178 477 1231 d

112 1329 169 1386 que
193 1328 243 1368 sex
263 1309 477 1385 binomiorum,
500 1329 567 1368 cum
591 1308 765 1368 dividuntur
787 1308 818 1366 in
842 1308 915 1366 duas
939 1307 1043 1382 lineae,
1067 1328 1129 1383 que

113 1401 182 1457 sunt
204 1399 325 1458 nomina
351 1399 458 1475 ipsius,
485 1397 549 1474 ipse
573 1398 726 1456 continent
749 1396 935 1472 superficiem
957 1395 1129 1456 medialem.

113 1487 198 1558 Quod
216 1488 260 1546 ita
279 1507 342 1547 esse
361 1490 486 1562 constat,
506 1487 647 1562 quoniam
665 1486 755 1562 primi
768 1485 892 1544 binomii
905 1485 1002 1544 maius
1016 1505 1130 1544 nomen

112 1577 144 1634 in
175 1577 362 1654 longitudine
394 1579 440 1635 est
470 1576 630 1649 rationale,
659 1577 689 1633 et
715 1575 814 1632 minus
842 1577 888 1633 est
917 1574 1066 1633 rationale
1095 1575 1130 1633 in

73 1666 256 1742 repetentia,
280 1668 310 1724 et
332 1665 393 1723 iam
417 1666 568 1723 ostensum
592 1666 636 1722 est
659 1682 694 1722 ex
712 1663 887 1739 probatione
905 1662 1000 1741 figure
1019 1665 1129 1722 octave

112 1754 222 1814 decime
259 1754 346 1811 huius
382 1753 490 1828 partis,
533 1752 612 1827 quod
647 1752 711 1827 ipse
748 1752 902 1810 continent
938 1751 1130 1827 superficiem

111 1843 276 1900 medialem.
317 1842 362 1898 De
384 1841 515 1901 binomio
540 1859 659 1916 quoque
683 1840 811 1899 seeundo
835 1841 973 1899 similiter
996 1844 1126 1917 constat,

111 1932 191 2006 quod
216 1929 310 2005 ipsius
337 1929 433 1988 maius
461 1948 569 1987 nomen
592 1931 636 1986 est
658 1929 805 1987 rationale
828 1929 860 1987 in
883 1929 1071 2006 longitudine
1096 1934 1129 1988 et

111 2013 251 2096 <minus>
278 2036 338 2076 non
365 2020 410 2076 est
436 2018 583 2077 rationale
610 2017 669 2076 nisi
695 2017 898 2094 inpotentia,
928 2021 958 2077 et
984 2019 1066 2094 quod
1090 2039 1128 2078 ex

72 2130 98 2171 15
112 2107 153 2166 eis
177 2107 208 2165 in
231 2106 419 2183 longitudine
441 2106 588 2165 rationale
607 2126 667 2167 non
686 2110 732 2165 est
749 2106 845 2165 maius
864 2125 980 2182 nomen,
1004 2107 1039 2165 de
1059 2108 1127 2183 qui-

111 2197 165 2254 bus
202 2195 340 2254 similiter
375 2196 567 2255 manifestum
601 2196 762 2255 secundum
792 2195 999 2272 probationem
1030 2195 1128 2274 figure

112 2287 215 2345 octava
239 2284 350 2343 decime
373 2285 459 2344 huius
482 2285 591 2361 partie,
620 2285 698 2360 quod
720 2284 784 2360 ipse
807 2303 867 2343 non
890 2285 1044 2343 continent
1067 2285 1129 2343 nisi

110 2373 276 2432 medialem.
322 2374 417 2433 Tertii
445 2377 545 2433 autem
566 2374 690 2433 binomii
713 2373 771 2431 duo
794 2373 916 2431 nomina
937 2373 970 2431 in
992 2373 1127 2450 longitu-

112 2463 179 2522 dine
207 2466 278 2522 sunt
300 2459 531 2542 <ir>rationalia
558 2465 589 2520 et
614 2463 646 2520 in
670 2481 705 2521 ea
727 2462 1025 2536 incommunicantia,
1053 2481 1127 2539 ergo

72 2575 98 2615 ao
111 2571 171 2611 non
193 2552 346 2612 continent
367 2553 425 2611 nisi
447 2551 612 2610 medialem.
653 2550 798 2609 Similiter
820 2570 940 2627 quoque
959 2552 1127 2610 necessarie

112 2641 259 2718 contingit
284 2641 317 2698 in
343 2640 467 2717 reliquis
493 2640 589 2699 tribus
616 2639 763 2699 binomiis.
812 2639 940 2716 Propter
966 2641 1022 2698 hoc
1052 2659 1126 2718 ergo

112 2730 200 2805 dixit,
237 2730 333 2804 „duas
368 2729 535 2806 superficies
567 2726 881 2788 incommunicantes“.
937 2728 1126 2804 Unaqueque

111 2837 181 2877 vero
205 2819 330 2877 duarum
352 2819 498 2878 linea-rum
522 2823 552 2877 et
571 2821 603 2876 et
620 2819 653 2876 tle
671 2837 731 2877 non
749 2817 846 2877 solum
864 2819 910 2876 est
927 2817 1127 2876 incommuni-
1176 2883 1179 2889 ¹

112 2925 182 2966 cans
204 2909 282 2966 linee
304 2925 340 2967 rc
362 2908 459 2983 posite
481 2906 636 2982 rationali,
659 2906 711 2966 sed
734 2909 764 2965 et
785 2907 849 2982 ipse
873 2907 965 2965 etiam
987 2909 1057 2965 sunt
1080 2907 1127 2964 in-

72 3017 97 3059 es
112 2997 361 3055 communicantes
389 2997 421 3054 in
448 2995 647 3073 longitudine,
679 3015 716 3055 ne
746 2995 925 3054 rationalem
952 2995 1128 3055 contineant

112 3085 304 3161 superficiem.
354 3085 431 3144 Tota
459 3088 559 3144 autem
585 3084 665 3143 linea
694 3085 731 3143 cle
758 3087 811 3144 aut
839 3084 896 3143 erit
919 3103 967 3159 ea,
996 3104 1054 3160 quo
1078 3088 1127 3144 est

111 3173 277 3232 binomium
298 3174 438 3248 tercium,
460 3177 514 3232 aut
537 3193 580 3250 ea,
603 3192 661 3250 que
684 3175 730 3232 est
751 3173 918 3232 binomium
940 3175 1070 3247 sextum,
1095 3177 1128 3233 et

112 3262 189 3322 illud
212 3265 269 3338 est,
293 3263 373 3339 quod
396 3263 597 3322 demonstrare
620 3262 775 3323 voluimus.

200 3351 274 3410 Post
287 3352 342 3411 hoc
356 3351 430 3427 dico,
450 3352 531 3428 quod
551 3371 665 3428 neque
684 3370 737 3427 ea,
757 3370 823 3427 que
843 3355 896 3411 est
913 3350 1130 3431 binomium,

183 3543 209 3594 4.
228 3537 366 3611 binomia]
385 3537 519 3594 binerale.
541 3571 572 3580 -
593 3544 617 3593 9.
637 3541 666 3593 et
683 3538 783 3594 maius.
