2408 3848
409 153 459 206 AD
477 151 662 206 EUCLIDEM
680 153 746 206 LIB.
761 153 781 206 I.
1055 154 1100 217 49

179 320 212 380 Si
241 321 306 397 quis
334 320 418 380 nobis
447 321 567 398 dixerit,
598 340 689 397 quare
717 322 875 381 Euonmss
903 321 1042 397 probavit
1069 323 1101 380 in

85 412 144 470 'hoo
167 411 359 485 theoremate,
384 410 464 485 quod
487 410 544 469 duo
568 411 680 487 anguli,
705 410 756 485 qui
780 412 848 468 sunt
872 411 925 468 sub
943 411 1016 486 basi,
1040 410 1100 470 sint

87 500 219 576 equales,
244 519 310 558 oum
332 499 364 556 in
386 499 462 557 libro
486 518 539 558 suo
562 519 622 558 non
644 499 816 557 inveniatur
838 519 892 574 per
913 499 967 558 hos
986 499 1100 575 aliquid

86 589 206 662 fecisse,
239 587 494 664 respondebimus,
527 588 606 663 quod
637 588 701 664 ipse
734 587 821 646 scivit
850 588 938 662 illud,
975 589 1007 646 in
1039 609 1099 664 quo

82 677 245 736 dubitatur
275 677 307 734 in
336 679 369 735 7⁰
396 677 579 736 theoremate
612 679 642 735 et
672 677 704 734 in
734 679 776 736 9⁰.
825 676 965 735 Premisit
996 677 1098 753 itaque
1125 688 1139 728 5

83 766 327 842 declarationem,
350 769 384 824 ut
406 785 459 841 per
482 784 548 823 eam
567 766 694 824 solveret
712 765 935 841 dubitationem,
959 767 1098 841 quemad·

85 855 210 914 modum
246 854 417 914 ostendetur
447 854 479 911 in
511 853 561 912 eis.
569 847 594 934 1)
657 854 802 914 Possibile
833 857 934 912 tamen
967 857 1023 931 est,
1064 858 1099 913 ut

86 945 282 1018 monstretur,
308 943 389 1019 quod
411 943 469 1000 duo
493 938 608 1020 anguli,
632 943 684 1018 qui
707 946 776 1001 sunt
799 962 888 1018 supra
910 943 1015 1019 basim,
1039 944 1098 1003 sint

83 1033 218 1108 equales,
238 1032 348 1108 absque
367 1031 565 1091 ostentatione
584 1032 759 1107 equalitatis
773 1032 898 1090 duorum
912 1033 1097 1109 angulorum,

85 1121 141 1197 qui
169 1124 240 1180 sunt
261 1121 314 1180 sub
337 1121 415 1196 basi,
444 1120 606 1179 secundum
633 1120 710 1178 huno
736 1112 897 1202 modum.²)
944 1119 1011 1180 Sint
1037 1122 1137 1181 du01⁰

398 1210 494 1268 latera
516 1211 558 1268 ob
586 1212 616 1267 et
639 1227 681 1283 eg
708 1209 851 1285 trianguli
874 1211 939 1283 uby
966 1211 1097 1285 equalia:

398 1298 464 1357 dico
482 1297 589 1374 igitur,
612 1297 692 1372 quod
712 1299 840 1374 angulus
859 1300 925 1372 abq
943 1302 989 1357 est
1007 1318 1097 1374 equa·

398 1387 436 1445 lis
460 1387 570 1463 angulo
593 1388 665 1460 egb.
701 1385 842 1444 Probatio
862 1386 933 1461 eius,
957 1387 1098 1462 quoniam

399 1476 522 1552 signabo
559 1475 590 1532 in
626 1475 706 1533 linea
743 1476 784 1533 ab
816 1478 961 1550 punctum
998 1477 1030 1545 d,
1067 1480 1098 1535 et

399 1564 503 1623 secabo
532 1583 567 1621 ex
593 1564 674 1621 linea
697 1582 738 1638 og
764 1564 875 1622 lineam
897 1582 937 1622 oe
961 1565 1097 1639 equalem
1112 1575 1137 1615 15

398 1653 475 1711 linee
495 1655 546 1728 ad,
571 1655 601 1710 et
618 1652 793 1728 protraham
811 1652 906 1711 lineas
924 1655 971 1718 dc,
986 1655 1035 1726 dg,
1053 1655 1096 1713 cb.

398 1743 439 1800 llt
462 1742 532 1817 quia
556 1743 598 1800 bo
621 1745 666 1800 est
688 1741 803 1817 equalis
826 1759 876 1819 oy,
903 1744 934 1800 et
951 1741 1030 1800 linea
1053 1745 1098 1801 od

399 1833 443 1889 est
475 1830 590 1906 equalis
621 1830 699 1888 linee
732 1848 784 1899 oo,
818 1849 887 1906 ergo
916 1831 973 1890 duo
1001 1832 1097 1890 latera

398 1914 461 1996 <ab
489 1922 519 1977 et
547 1915 607 1996 oe>
630 1919 774 1996 trianguli
798 1921 951 1978 obesant
975 1921 1096 1996 equales

93 2004 123 2061 9
340 1993 360 2044 b
397 2007 511 2066 duobus
531 2007 673 2066 lateribus
689 2027 731 2082 oq
749 2011 780 2066 et
798 2010 842 2068 od
860 2008 1006 2086 trianguli
1022 2012 1095 2085 ogd,
1110 2021 1137 2060 2⁰

402 2097 608 2172 quodcumque
630 2096 769 2155 videlicet
792 2098 871 2155 latus
895 2116 947 2157 suo
971 2099 1096 2157 relativo

82 2187 131 2242 est
149 2185 266 2260 equale,
286 2188 316 2243 et
334 2186 460 2262 angulus
479 2181 520 2262 <a
539 2189 584 2244 est
602 2186 764 2244 eommunis
782 2186 913 2261 utrique:
938 2206 972 2245 ex
990 2187 1096 2262 proba·
1192 2261 1193 2265 Ἰ

82 2272 165 2331 tione
185 2292 255 2351 ergo
273 2273 365 2351 figure
389 2278 496 2350 quarte
519 2274 606 2333 huius
629 2274 723 2349 partis
743 2274 799 2332 erit
820 2275 901 2333 basis
923 2277 959 2333 bc
982 2275 1096 2352 equalis

83 2361 150 2419 basi
164 2363 214 2436 dg,
230 2365 260 2420 et
274 2364 400 2440 angulus
415 2365 475 2422 oeb
491 2364 604 2438 equalis
615 2364 724 2440 angulo
739 2365 813 2437 adq,
829 2365 859 2421 et
873 2364 1019 2441 angilus>
1035 2366 1096 2424 obe

84 2450 200 2525 equalis
228 2453 339 2528 angulo
363 2454 436 2526 ogd.
483 2451 516 2509 Si
543 2471 612 2530 ergo
640 2452 697 2510 due
720 2451 798 2510 linee
826 2453 947 2527 equales
971 2455 1028 2521 od,
1057 2471 1096 2512 ae
1110 2465 1135 2505 25

82 2539 259 2598 minuantur
282 2561 316 2599 ex
339 2541 453 2599 duabus
471 2540 557 2599 lineis
577 2541 731 2617 equalibus
750 2542 790 2599 ab
810 2543 839 2598 et
857 2559 908 2616 og,
931 2541 1096 2600 remanebit

82 2627 166 2686 linea
188 2630 229 2687 db
253 2630 367 2704 equalis
389 2630 467 2687 linee
491 2648 535 2703 eq.
582 2629 639 2688 Sed
662 2630 723 2688 iam
745 2629 803 2687 fuit
826 2631 990 2705 ostensum,
1016 2631 1095 2706 quod

82 2715 164 2775 linea
191 2719 228 2776 bc
260 2719 374 2794 equalis
405 2719 482 2776 lineo
508 2720 565 2793 μά,
598 2714 649 2793 <et
680 2717 760 2777 basis
787 2720 827 2777 de
859 2719 1021 2777 communis
1050 2722 1095 2778 est

81 2805 216 2880 utrique:
244 2826 280 2864 ex
306 2807 481 2883 probatione
509 2827 579 2885 ergo
607 2807 700 2885 figure
728 2803 855 2885 quarte>
883 2808 940 2865 erit
967 2809 1094 2884 angulus

79 2895 146 2952 ›edb
175 2895 289 2970 equalis
318 2897 428 2973 angulo
451 2898 526 2971 deq,
555 2899 585 2954 et
612 2897 738 2973 angulus
762 2898 823 2955 bed
846 2897 961 2971 equalis
985 2897 1093 2973 angulo
1108 2911 1137 2950 ao

79 2984 154 3057 yde.
211 2983 284 3042 (lum
319 3005 388 3063 ergo
420 2985 613 3044 minuerimus
646 3005 696 3044 eos
727 3005 763 3043 ex
794 2984 907 3043 duobus
940 2985 1093 3061 equalibus

82 3072 203 3149 angulis
226 3075 296 3148 bde,
317 3075 393 3147 qod,
416 3073 581 3132 remanebit
605 3075 731 3152 angulus
755 3075 819 3148 bdg
847 3074 960 3149 equalis
984 3076 1093 3152 angulo

82 3162 152 3234 beo.
197 3160 307 3220 Latera
335 3183 452 3239 quoque
479 3164 560 3239 ipsos
588 3163 770 3222 continentia
796 3164 928 3239 equalia,
955 3164 1093 3239 quodque

80 3249 223 3308 videlieet
250 3270 304 3309 suo
332 3252 456 3312 relativo
485 3252 603 3328 equale,
632 3255 662 3311 et
688 3252 769 3311 basis
797 3253 836 3326 by
864 3256 908 3311 est
932 3253 1094 3312 communis

156 3458 182 3526 1)
200 3455 324 3509 Procnes
343 3462 404 3526 247,
423 3463 489 3525 dsq.
509 3459 538 3510 et
556 3462 616 3526 248,
636 3462 730 3513 8-11.

155 3528 181 3596 2)
200 3526 324 3581 Psocnus
343 3533 404 3597 248,
424 3534 562 3596 16-249,
583 3533 623 3583 19.

136 3625 221 3667 Gomm.
236 3627 266 3667 ad
278 3626 367 3668 Enolid.
383 3628 417 3670 ed.
434 3627 544 3672 Curiae.
