2408 3854
380 187 432 242 AD
448 187 634 243 EUCLIDEM
651 187 719 244 LIB.
733 187 766 242 X.
1010 186 1077 251 295

63 359 106 418 Et
132 377 201 418 cum
226 357 365 433 ponimus
392 357 503 416 lineam
529 360 604 432 trae,
636 360 667 415 et
693 356 928 432 multiplicamus
956 359 1016 414 tres
1044 355 1076 413 in

64 451 140 522 tres,
172 450 202 506 et
233 449 337 522 postea
368 447 400 504 in
432 446 613 521 exemplum,
645 446 690 504 est
716 463 870 520 numeriae,
899 445 953 520 qni
978 445 1014 503 fit
1041 462 1077 502 cx

67 535 326 612 multiplicatione,
344 534 517 610 quadratus
555 533 632 593 (tum
650 535 729 593 enim
747 554 783 592 ex
801 533 935 610 quolibet
952 552 1076 592 numero

63 627 236 684 assumatur
263 623 392 699 aliquid,
420 624 501 700 quod
521 624 569 682 vsit
594 641 664 699 pars
687 627 796 699 quarta
819 626 873 682 aut
895 640 965 699 pars
987 639 1075 697 nona,

63 717 121 773 aut
147 731 216 790 pars
244 712 421 790 sexdecim,
449 716 479 772 ct
505 712 725 788 multiplicatur
753 713 785 770 in
812 732 894 786 eum3
921 714 976 770 aut
1002 728 1075 786 qua·
1103 719 1117 761 ⁵

62 803 170 861 drutus
197 801 418 877 multiplicatur
445 801 477 859 in
503 803 647 877 quatuor,
675 803 730 859 aut
755 795 905 878 <novem>
931 801 985 859 aut
1012 818 1075 859 sex·-

63 892 174 967 dccim,
210 909 365 964 numanae,
400 890 454 966 qui
489 890 626 966 provenit
666 909 702 948 ex
731 889 994 966 multiplicatione,
1031 891 1077 947 est

65 979 239 1056 quadratus.
298 980 443 1038 Remauet
479 998 551 1057 ergo
581 978 735 1054 proportio
773 978 936 1037 secundum
973 996 1076 1036 earnm

64 1069 254 1128 habitudines
287 1070 318 1126 et
349 1067 503 1143 quantitas
533 1067 683 1142 similiter,
711 1067 763 1126 sed
789 1067 905 1125 numeri
933 1065 1076 1126 diversifi-

63 1162 180 1218 cantur.
223 1156 255 1215 Si
278 1175 347 1234 ergo
371 1157 451 1215 linea
473 1155 628 1216 rationalis
646 1159 785 1231 ponatur,
808 1157 956 1231 quantum
973 1156 1116 1215 velue-10

63 1248 168 1321 rimus,
191 1245 360 1321 superficies
384 1245 412 1304 ei
434 1244 572 1304 adiuncte
595 1244 793 1304 remanebunt
810 1243 972 1303 secundum
990 1262 1075 1303 suam

63 1335 282 1408 habitudinem3
306 1335 336 1393 et
359 1333 434 1393 illud
457 1336 515 1409 est,
539 1333 619 1410 quod
641 1334 844 1392 demonstrare
866 1333 1026 1392 voluimus

155 1423 281 1494 Quinti
302 1423 539 1483 theorematis
562 1414 802 1504 exemplum.¹)

156 1511 223 1571 Sint
253 1512 311 1571 due
344 1512 528 1588 quantitates
560 1531 580 1571 a
611 1515 643 1571 et
669 1513 686 1571 b
713 1510 977 1573 communicantes:
1010 1510 1075 1569 dico

63 1602 167 1680 igitur,
191 1601 270 1677 quod
291 1601 446 1677 proportio
470 1619 489 1660 a
512 1600 659 1660 addest
682 1601 761 1660 siout
781 1600 936 1677 proportio
959 1599 1118 1657 numerius

63 1691 104 1750 ad
131 1710 300 1763 numerum,
327 1689 407 1765 quod
433 1690 483 1748 sic'
502 1690 654 1765 probatur.
705 1689 782 1759 Quia
809 1689 888 1748 enim
916 1683 978 1766 <a>
1002 1690 1032 1746 et
1059 1689 1076 1747 b

63 1784 138 1839 suut
169 1778 434 1854 communicantur,
467 1798 525 1854 que
557 1779 617 1838 sint
649 1782 715 1838 octo
748 1782 778 1838 et
805 1777 972 1854 duodecim,
1005 1795 1076 1855 ergo

61 2808 227 2867 communis
250 2803 433 2887 (numerus)
456 2811 594 2867 numerat
622 2825 684 2882 eos,
713 2806 766 2882 qui
788 2805 828 2864 sit
848 2825 880 2881 y,
904 2806 955 2882 qui
983 2808 1022 2866 sit
1045 2809 1075 2865 4.
1149 2857 1151 2862 ,

64 2897 170 2973 Sitque
192 2916 212 2970 p
234 2915 391 2955 numerans
411 2916 431 2956 a
450 2897 612 2956 secundum
629 2915 787 2968 numerum
804 2895 952 2954 unitatem
970 2898 997 2971 d,
1021 2897 1076 2973 qui

62 2987 104 3045 sit
128 2989 157 3061 3,
181 2988 211 3044 et
233 2988 370 3044 numeret
393 2987 410 3044 b
433 2986 593 3045 secundum
615 3004 773 3044 numerum
795 2985 948 3044 unitatum
970 3003 997 3060 e,
1020 2986 1075 3061 qui
1088 2998 1116 3038 ao

120 3179 159 3297 Υΐ.
180 3176 308 3240 quatuor.
337 3205 371 3212 —
398 3189 506 3227 novem.
530 3204 564 3212 -
593 3170 786 3228 neamenim.
809 3202 843 3212 -
871 3177 895 3226 9.
915 3171 1074 3244 quantitas]

61 3261 119 3312 qua
148 3261 173 3298 a.

136 3423 316 3492 1)Euou11›m
334 3422 368 3487 n
387 3427 404 3476 r
424 3421 517 3492 (oin.
537 3422 566 3475 es
583 3386 661 3475 aaa.
680 3419 778 3491 raama
809 3421 937 3476 aarum
954 3421 1077 3475 aucam

60 3496 248 3565 quoraitatam
265 3494 524 3552 conrmaaicootium
546 3499 584 3548 est
597 3493 740 3562 proportio
762 3498 900 3561 tuaquom
914 3492 1031 3543 uanum
1047 3493 1091 3539 un

60 3583 213 3622 numerum.
