2408 3848
440 157 490 210 AD
509 155 695 212 EUCLIDEM
713 155 779 211 LIB.
794 155 828 210 X.
1067 153 1132 219 233

122 345 214 402 supra
237 328 278 385 nb
299 325 489 402 quadratum,
512 326 593 402 quod
615 325 655 385 sit
677 324 857 402 quadratum
876 326 928 399 bd,
952 327 982 382 et
1002 322 1073 398 quia
1090 324 1132 382 ab

123 419 168 474 cst
189 415 346 474 rationalis
368 415 400 472 in
422 416 566 491 potentia,
590 434 659 493 ergo
682 417 724 474 bd
747 417 793 473 est
814 413 968 472 rationale.
1011 411 1068 470 Sed
1090 413 1132 470 ab

122 504 320 562 communicat
339 523 380 578 oy
402 504 434 562 in
452 503 648 581 longitudine,
672 507 703 562 et
720 505 762 562 nb
786 506 831 562 est
850 502 965 578 equalis
982 503 1038 575 nd3
1062 519 1132 578 ergo

123 595 167 652 ad
186 593 385 652 communicat
401 612 450 669 oq,
474 612 543 670 ergo
563 593 731 668 superficies
750 594 792 652 bd
815 591 1014 651 communicat
1032 608 1132 666 super·

122 682 200 740 ficiei
223 684 269 756 bo.
317 681 375 740 Sed
397 684 439 740 td
466 685 512 740 est
537 682 707 757 rationalis,
737 701 807 758 ergo
831 683 870 755 by
898 682 942 739 est
964 679 1132 753 rationalis3
1159 692 1172 732 5

123 775 153 829 et
175 771 251 828 illud
274 773 332 844 est,
356 771 435 846 quod
457 771 661 830 demonstrare
680 771 837 848 voluimus.

212 859 404 918 Manifestum
424 862 472 918 est
494 860 588 936 igitur
608 859 694 934 illud,
713 850 794 934 quod
811 859 984 918 Ausarmus
1003 856 1078 915 dixit
1096 856 1132 914 de

124 949 239 1007 duabus
262 949 348 1007 lineis
370 949 418 1023 tt,
441 949 489 1023 ln,
512 949 626 1007 scilicet
648 948 729 1024 quod
751 947 812 1006 sint
829 947 1078 1006 communicantes
1100 945 1133 1003 in

123 1037 259 1113 potentia
276 1039 405 1112 tantum,
428 1040 459 1095 et
478 1038 557 1112 quod
575 1037 727 1096 continent
744 1036 910 1095 medialem.
946 1034 1133 1111 Impossibile

125 1129 202 1184 esset
229 1144 312 1202 ergo,
334 1120 456 1205 (quod)
481 1126 537 1184 due
560 1126 637 1184 linea
659 1128 706 1201 nt,
729 1127 764 1184 ln
786 1144 846 1184 non
868 1125 1022 1184 continent
1043 1123 1102 1182 nisi
1128 1116 1174 1205 l²⁰

70 1224 106 1271 46
124 1214 309 1274 rationalem.
356 1213 415 1272 Sed
437 1215 660 1292 orthogonium,
684 1214 765 1290 quod
787 1215 956 1272 continetur
978 1232 996 1271 a
1019 1213 1132 1272 duabus

125 1303 211 1362 lineis
238 1305 285 1379 nt,
313 1305 349 1362 ln
376 1306 422 1362 est
448 1305 554 1379 equale
580 1304 727 1379 quadrato
751 1305 789 1378 tl,
813 1321 883 1379 ergo
906 1301 1085 1378 quadratum
1107 1303 1134 1360 n

126 1395 170 1451 est
201 1392 356 1450 rationale.
410 1392 481 1468 Ipsa
508 1412 626 1468 quoque
654 1392 866 1451 demonstratio
893 1391 989 1449 tacuit
1018 1390 1051 1448 in
1077 1391 1133 1448 hoc

124 1482 199 1557 loce,
221 1475 351 1560 <quasi>
368 1481 422 1540 hec
444 1481 540 1558 figura
562 1481 624 1539 iam
641 1483 720 1541 foret
739 1472 896 1557 expleta.²)
933 1478 1035 1538 Sermo
1053 1497 1133 1554 vero,

125 1589 183 1646 quo
206 1569 303 1648 figura
324 1571 503 1629 terminatur
525 1570 591 1646 rite,
615 1573 672 1629 est:
695 1571 736 1628 Et
754 1570 827 1645 quia
845 1567 1026 1644 quadratum
1044 1568 1069 1625 tl
1088 1570 1173 1626 est15

123 1660 280 1734 rationale,
303 1678 373 1736 ergo
396 1660 476 1717 linea
498 1661 603 1734 potens
627 1678 719 1735 supra
740 1658 849 1734 ipsum,
873 1677 930 1733 que
953 1660 997 1715 est
1019 1658 1057 1729 tl,
1081 1659 1134 1714 aut

125 1751 171 1807 est
201 1748 357 1807 rationalis
387 1748 420 1806 in
450 1748 587 1824 potentia
615 1752 668 1807 aut
694 1747 850 1807 rationalis
880 1747 912 1804 in
938 1745 1132 1823 longitudine.

126 1836 211 1905 Quod
239 1837 264 1895 si
290 1837 384 1895 fuerit
410 1838 565 1896 rationalis
592 1838 624 1896 in
650 1837 798 1914 potentia,
827 1854 897 1913 ergo
920 1835 986 1910 ipsa
1010 1835 1067 1892 erit
1090 1853 1133 1893 se-

125 1926 227 1983 iuncta
250 1927 283 1982 tlt
305 1926 447 1984 rationali
468 1926 500 1984 in
522 1923 718 2004 longitudine,
742 1931 811 2002 erg'o
835 1924 1003 2000 superficies
1026 1925 1059 1982 nt
1078 1924 1134 1982 erit

125 2013 269 2071 medialis
325 2014 382 2072 sed
413 2015 582 2090 superficies
613 2017 647 2074 nt
675 2018 720 2074 est
747 2013 861 2090 equalis
889 2012 1054 2089 superficiei
1081 2014 1133 2086 by:
1148 2030 1174 2070 ao

127 2120 197 2176 ergo
221 2101 389 2176 superficies
412 2104 451 2176 by
474 2106 520 2162 est
537 2104 681 2162 medialis.
722 2104 763 2161 Et
781 2103 807 2162 si
824 2104 850 2160 tl
867 2102 960 2160 fuerit
977 2102 1134 2161 rationalis

126 2190 158 2245 in
187 2189 385 2266 longitudine,
418 2209 487 2268 ergo
518 2191 584 2267 ipsa
614 2191 842 2251 communicabit
871 2192 904 2249 tlt
932 2192 1074 2250 rationali
1102 2190 1135 2247 in

126 2277 326 2354 longitudine,
354 2298 423 2356 ergo
450 2281 484 2338 ll
511 2280 567 2338 erit
593 2280 757 2339 rationalis.
804 2279 862 2337 Sed
889 2280 922 2337 dcl
949 2283 994 2338 est
1019 2279 1134 2355 equalis

127 2365 292 2442 superficiei
324 2369 375 2441 by:
408 2387 478 2444 ergo
506 2370 546 2442 by
578 2370 635 2427 erit
666 2367 822 2427 rationalis
853 2365 898 2443 [in
924 2366 1133 2446 longitudine}

125 2455 191 2513 Iam
213 2455 306 2533 igitur
326 2459 477 2515 ostensum
495 2459 548 2532 est,
568 2457 647 2532 quod
665 2455 833 2532 superficies
852 2458 891 2530 by
911 2459 963 2516 aut
981 2460 1026 2516 est
1044 2457 1134 2516 ratio·
1149 2473 1175 2513 as

125 2545 203 2603 nalis
218 2548 271 2603 aut
288 2545 438 2620 medialis3
453 2549 483 2604 et
496 2546 572 2603 illud
591 2549 644 2621 est,
659 2546 740 2622 quod
755 2545 959 2604 domonstrare
976 2547 1133 2605 voluimus.

125 2629 253 2711 <Qu0d>
287 2634 323 2691 in
359 2635 435 2693 fine
467 2634 588 2712 figure
619 2635 789 2694 vicesima
822 2627 954 2716 sextel)
986 2635 1135 2710 dicitur,

126 2723 207 2798 quod
229 2722 411 2799 impossibile
434 2724 483 2799 sit,
506 2743 555 2783 eas
579 2723 788 2802 orthogonium
810 2724 956 2783 rationale
975 2724 1135 2799 continere,

198 2881 223 2930 8.
243 2877 285 2943 tt,
303 2877 349 2930 to.
366 2907 408 2956 ·-
433 2881 459 2931 9.
478 2875 635 2958 continent]
654 2876 840 2958 comunicant.
865 2908 898 2916 -
923 2882 956 2930 10
975 2877 1016 2943 nt,
1035 2877 1081 2930 ba.
1101 2907 1134 2915 —

128 2952 169 2999 13.
190 2947 405 3018 demonstrato]
420 2947 492 3002 ἀΐω.
508 2978 542 2988 -
560 2954 602 3003 24.
617 2966 647 3000 m
660 2948 839 3019 longitudme
853 2954 921 3003 certe
934 2954 972 3003 est
984 2949 1134 3003 delendam.

199 3109 225 3174 1)
245 3105 322 3171 Quae
341 3110 504 3177 sequuntur,
524 3107 698 3163 additionem
716 3107 876 3178 interpretis
895 3106 979 3162 latini
993 3107 1135 3162 continere

127 3177 270 3246 videntur,
296 3178 342 3232 vel
365 3178 481 3232 editoris
505 3178 651 3233 cuiusdam
668 3180 770 3234 Arabis
789 3177 983 3234 commentarii
1000 3178 1134 3232 Aramum

199 3252 225 3317 2)
243 3248 380 3302 Eocnmns
394 3250 427 3319 X,
438 3256 472 3304 26
488 3248 640 3318 (emarus
653 3250 737 3318 idem,
755 3251 923 3304 Hsnenuems
933 3250 967 3319 X,
978 3254 1034 3320 32):
1053 3251 1136 3304 Duas

128 3320 214 3374 lineas
240 3322 368 3376 ntcdn'ales
391 3322 517 3390 potentia
539 3327 646 3376 tantan
667 3324 894 3378 ccrnnnnicantes
917 3323 1136 3391 superficiemque

127 3392 267 3445 mediolan
294 3394 472 3459 continentes,
503 3409 620 3461 quornm
648 3393 754 3464 lonqtn
779 3395 883 3448 minore
913 3400 991 3448 tanto
1017 3393 1137 3460 anplius

124 3463 224 3530 possit,
243 3471 376 3532 qnnntnn
393 3470 431 3518 en
449 3465 615 3532 qnadratnrn
632 3465 752 3519 ottoniae
770 3466 839 3520 tinec
857 3463 1136 3520 incommensnrabiln's

127 3535 183 3602 ipsi
201 3535 318 3604 lonyion'
335 3536 367 3588 in
384 3535 562 3605 lonqitndn'na
580 3536 711 3590 inuenire.
