2408 3854
108 147 174 212 208
396 147 561 202 ANAItITII
580 145 837 202 COMMENTARII

175 315 312 391 Exempli
345 335 435 374 causa
467 316 527 374 sint
558 316 673 373 numeri
706 335 738 390 o,
762 318 791 389 b,
812 335 844 390 p,
868 317 888 373 cl
916 315 1049 374 continui
1076 315 1122 371 in-

109 405 251 479 cipientes
279 405 315 462 ab
342 424 402 463 uno
422 405 584 462 secundum
606 405 828 480 proportionem
851 405 987 480 duplam3
1015 404 1121 461 deinde

109 496 310 570 aggregentur
336 496 367 551 et
388 512 466 551 unus
490 512 558 551 cum
581 493 637 568 eis,
661 496 690 552 θῖ
713 494 753 552 sit
775 496 956 571 aggregatus
979 511 1122 550 numerus

109 600 131 656 e,
155 585 185 640 et
208 582 247 641 sit
265 601 407 640 numerus
427 600 440 640 c
458 582 581 657 primus,
605 583 658 657 qui
676 582 895 658 multiplicetur
912 582 943 639 in
962 601 1120 639 numerum

81 673 141 745 ed,
174 671 226 746 qui
254 675 299 729 θεῖ
325 674 493 746 postremus
520 691 712 730 numerorum
739 674 983 748 aggregatorum,
1015 674 1045 728 et
1073 671 1122 744 sit,

109 761 190 836 quod
222 763 404 837 aggregatur
436 779 471 817 ex
502 759 765 836 multiplicationeg
797 778 948 834 numerus,
970 761 1021 818 rh:
1054 759 1120 818 dico

109 848 215 925 igitur,
248 849 328 924 quod
360 867 501 907 numerus
532 851 572 908 ah
600 852 644 908 est
671 850 828 924 perfectus.
878 848 1019 908 Probatio
1047 848 1120 906 eius.

109 936 257 1005 Quoniam
271 955 422 996 assumam
435 957 574 998 numeros
589 938 751 997 secundum
760 937 982 1013 proportionem
992 956 1019 1012 o,
1030 939 1055 1011 b,
1063 939 1122 1010 gd

110 1029 139 1084 θῖ
162 1026 324 1084 secundum
347 1045 450 1084 eorum
472 1027 708 1086 numerationem
734 1026 890 1086 continuos
913 1021 973 1104 (a)
995 1045 1119 1084 numero

69 1129 132 1188 roe,
156 1115 206 1190 qui
228 1115 288 1174 sint
306 1116 423 1173 numeri
442 1134 456 1174 θ
475 1119 505 1173 θῖ
523 1118 556 1174 tle
575 1119 605 1173 et
623 1118 633 1174 l
652 1119 682 1174 et
699 1135 736 1189 ms,
756 1134 825 1193 ergo
844 1115 960 1173 numeri
979 1134 1006 1188 o,
1022 1117 1047 1188 b,
1059 1116 1122 1188 gd

107 2378 178 2432 sunt
210 2374 370 2433 secundum
403 2376 625 2452 proportionem
652 2397 842 2436 numerorum
870 2395 896 2451 e,
920 2379 965 2452 tle,
989 2379 1010 2452 l,
1034 2397 1063 2434 m
1092 2383 1122 2436 et

108 2464 268 2522 secundum
300 2484 402 2523 eorum
433 2466 678 2524 numerationem.
730 2464 897 2524 Secundum
925 2466 1121 2541 equalitatem

107 2552 200 2630 igitur
222 2553 279 2611 crit
300 2554 453 2629 proportio
477 2574 496 2613 a
519 2555 557 2612 ad
580 2557 600 2613 d
622 2555 699 2613 sicut
720 2555 873 2630 proportio
893 2557 1019 2613 eadm.
1062 2554 1121 2613 Sed

108 2641 240 2700 omnium
276 2647 406 2717 quatuor
441 2662 632 2702 numerorum
668 2643 937 2719 proportionalium
968 2644 1057 2719 primi
1090 2645 1122 2701 in

69 2743 95 2783 15
109 2734 250 2805 quartum
277 2731 488 2806 multiplicatio
516 2736 562 2791 est
589 2732 702 2807 equalis
729 2733 975 2807 multiplicationi
1000 2734 1122 2791 secundi

107 2817 139 2875 in
166 2819 302 2894 tertium,
333 2840 403 2897 ergo
433 2820 640 2896 superficialia,
668 2820 721 2896 qui
748 2821 783 2879 fit
809 2841 844 2878 ex
871 2822 1121 2897 multiplicatione

106 2908 221 2965 numeri
250 2926 264 2966 e
290 2908 322 2965 in
348 2929 503 2967 numerum
530 2911 562 2984 d,
591 2913 635 2968 est
658 2909 771 2984 equalis
795 2910 987 2986 superficiali,
1012 2911 1063 2985 qui
1086 2911 1121 2969 fit

108 3016 143 3053 ex
169 2997 419 3072 multiplicatione
445 2998 560 3056 numeri
583 3017 603 3056 a
625 2998 656 3055 in
679 3018 834 3056 numerum
856 3018 893 3056 m.
941 2999 998 3057 Sed
1021 3019 1121 3074 super-

108 3085 223 3160 liniche,
246 3086 298 3160 qui
321 3086 355 3144 fit
378 3107 413 3144 ex
436 3105 450 3145 e
472 3087 504 3144 in
527 3089 555 3161 d,
579 3090 623 3145 est
640 3084 730 3164 r<h>,
754 3106 824 3165 ergo
843 3088 1046 3163 superficialis,
1070 3089 1122 3164 qui

69 3173 143 3232 rofit
171 3193 205 3232 ex
232 3169 294 3253 <o>
320 3175 352 3232 in
381 3194 423 3250 m,
451 3179 496 3234 θεῖ
522 3177 569 3236 rh.
615 3175 674 3234 Sed
700 3195 720 3235 o
747 3180 792 3235 est
819 3176 890 3251 duo,
919 3195 988 3254 ergo
1015 3179 1054 3236 alr
1078 3181 1122 3235 est

111 3263 218 3338 duplus
241 3264 356 3321 numeri
378 3284 416 3339 m,
440 3267 470 3322 θῖ
491 3283 630 3323 numerus
652 3284 682 3322 oc
705 3269 751 3324 est
773 3266 884 3341 duplus
906 3266 1023 3323 numeri
1045 3267 1068 3340 l,
1093 3270 1123 3323 ct

109 3371 248 3410 numerus
272 3354 282 3411 l
305 3355 349 3411 est
372 3353 483 3429 duplus
506 3353 622 3412 numeri
646 3355 686 3427 tl,
710 3357 740 3412 θῖ
763 3356 795 3412 te
816 3358 861 3412 θεῖ
879 3355 988 3430 duplus
1006 3356 1123 3412 numeri

170 3528 194 3577 4.
216 3521 296 3590 quod
312 3522 528 3597 multiplicetur.
549 3555 584 3564 -
604 3528 645 3579 16.
665 3522 741 3592 quod
758 3522 797 3578 fit.
