2408 3848
110 127 152 191 86
223 144 226 148 ·
398 124 564 179 ANARITII
583 122 839 179 COMMENTARII

111 296 198 373 gulus
220 296 285 368 gbk
309 297 353 353 est
382 296 494 370 reatus,
524 296 562 357 et
583 292 721 351 similiter
745 293 812 366 gblr
839 296 884 352 est
909 249 1017 352 reatus.
1070 292 1129 352 Sed

111 384 278 460 superficies
306 385 347 442 bb
374 386 419 441 est
448 381 695 458 equidistantium
721 383 866 456 laterum,
896 402 967 461 orgo
1000 382 1130 442 duorum

111 474 292 550 angulorum
306 473 378 546 bkb,
398 474 414 531 b
418 473 460 545 qb
475 471 612 546 quisquis
628 474 796 530 estractus:
816 491 886 548 ergo
901 472 1073 547 superficies
1088 473 1129 531 bb

111 565 156 621 est
180 561 428 637 equidistantium
450 561 581 618 laterum
604 563 634 618 et
656 563 804 620 raetorum
831 561 1019 638 angulorum,
1072 560 1132 619 Sed

83 652 171 710 aiam
199 654 349 709 ostensum
377 653 430 723 est,
458 649 538 725 quod
566 651 695 724 quatuor
725 649 871 727 trianguli
897 653 968 709 sunt
996 651 1129 726 equales,

110 740 223 800 seilicet
254 739 423 816 triangulus
455 739 519 812 uby
551 741 582 796 et
608 738 777 815 triangulus
808 741 872 813 qrb
903 742 973 798 sunt
1006 740 1129 816 equales

109 829 225 888 duobus
255 828 413 905 triangulis
444 829 520 902 bdb,
557 829 626 885 tbk:
661 847 729 886 oum
761 847 832 904 ergo
868 847 995 903 posuero
1026 831 1128 904 trape-

110 919 190 976 zium
200 919 274 991 qltb
289 921 318 976 et
336 917 522 993 triangulum
537 917 594 974 bdl
608 935 784 991 communes,
804 917 862 975 orit
879 919 977 976 totum
997 919 1127 993 quadra·

110 1011 175 1066 tum
199 1008 239 1064 bb
262 1007 367 1082 equale
391 1004 592 1066 coniunctioni
616 1005 742 1065 duorum
765 1005 980 1080 quadratorum
1004 1009 1058 1082 ud,
1083 1009 1131 1066 eb.

71 1108 96 1147 10
111 1095 169 1154 Sed
183 1095 363 1171 quadratum
377 1097 421 1154 ud
435 1096 607 1154 estfactum
621 1095 764 1153 exlatere
779 1097 830 1169 ab,
849 1098 880 1154 θὴ
895 1095 1079 1171 quadratum
1093 1098 1131 1155 ob

112 1186 295 1244 estfactum
319 1204 354 1243 ex
376 1184 457 1242 linea
481 1201 523 1258 ea,
547 1186 578 1242 et
600 1183 679 1241 linea
703 1201 738 1243 er
761 1187 806 1242 est
824 1185 940 1260 equalis
963 1185 1055 1243 lateri
1074 1205 1130 1260 og:

111 1293 180 1351 ergo
205 1273 374 1333 coniunctio
398 1273 525 1332 duorum
548 1273 763 1348 quadratorum
785 1275 830 1332 od
853 1275 883 1332 et
907 1275 952 1348 eb,
975 1293 1033 1350 que
1058 1278 1131 1333 sunt

110 1365 188 1422 facte
204 1383 239 1420 ex
258 1363 372 1421 duobus
391 1363 535 1421 lateribus
551 1363 592 1420 ab
607 1364 638 1420 et
651 1381 702 1436 og,
721 1364 766 1420 θεὴ
785 1363 900 1437 equalis
916 1363 1065 1438 quadrato
1081 1365 1131 1440 bb,

111 1453 190 1527 quod
204 1455 249 1510 est
262 1453 376 1511 fautum
388 1453 526 1510 exlatere
537 1452 585 1524 by,
600 1450 680 1526 quod
689 1451 878 1509 subtenditur
887 1452 997 1529 angulo
1007 1456 1091 1512 recto
1102 1472 1130 1513 a.

72 1551 97 1592 1⁵
113 1539 191 1616 [Iam
210 1561 280 1618 ergo
298 1545 449 1600 ostensum
464 1544 517 1614 ost,
537 1539 616 1615 quod
630 1535 841 1620 (coniunctio)
856 1541 983 1600 duorum
998 1542 1129 1617 quadra·

110 1634 210 1690 torum
223 1632 372 1689 fautorum
387 1650 421 1687 ex
431 1630 545 1688 duobus
559 1628 703 1687 lateribus
714 1631 756 1688 ab
772 1632 802 1688 et
811 1648 854 1704 ag
868 1633 913 1688 est
928 1631 1044 1705 equalis
1056 1651 1129 1707 qua-

110 1720 195 1779 drato
220 1721 273 1794 bb,
286 1719 380 1794 -quod
397 1721 443 1777 est
460 1719 574 1776 factum
598 1718 744 1776 exlatere
764 1719 812 1793 bg,
837 1719 917 1794 quod
936 1718 1130 1780 subtenditur

111 1809 220 1885 angulo
235 1811 317 1866 reato
332 1805 375 1882 o].
403 1807 468 1864 Iam
485 1825 555 1882 ergo
571 1809 722 1866 ostensum
737 1809 790 1882 est,
811 1808 890 1884 quod
905 1808 963 1868 duo
979 1810 1130 1884 quadrata

110 1898 191 1955 faeta
206 1917 241 1954 ex
256 1896 369 1954 duobus
384 1895 528 1953 lateribus
543 1895 593 1969 ab,
608 1914 651 1969 ug
664 1898 735 1954 sunt
750 1896 869 1972 aqualia
883 1897 1031 1972 quadrato
1046 1900 1128 1959 facto

71 1999 97 2037 2⁰
112 2005 146 2044 ex
164 1987 257 2043 latere
278 1987 329 2058 b93
354 1987 384 2043 et
403 1983 478 2042 illud
497 1986 552 2058 est,
576 1984 655 2059 quod
674 1985 876 2044 demonstrare
895 1986 1047 2046 voluimus

198 2073 371 2132 Probatio
392 2073 546 2133 secunda
564 2073 669 2131 huius
688 2073 821 2151 figure,
845 2075 880 2133 id
899 2078 953 2134 est
972 2078 1036 2152 47⁰,
1059 2096 1128 2153 quo
1177 2073 1181 2082 '

111 2165 165 2222 est
188 2163 380 2221 seeundum
404 2163 605 2222 doctrinam
627 2155 760 2243 ranst)

199 2249 369 2327 Ostendam,
394 2252 475 2327 quod
498 2252 611 2310 omnis
634 2252 827 2330 trianguli,
852 2253 954 2311 ouius
975 2253 1129 2314 duorum

111 2341 370 2416 quadratorum
390 2341 610 2416 coniunctiO,
630 2361 696 2417 que
715 2341 812 2399 fiunt
827 2361 867 2400 ex
881 2342 1017 2401 duobus
1031 2344 1127 2403 late·

71 2442 97 2484 aa
111 2429 221 2504 ribuS,
242 2434 295 2488 est
313 2431 456 2505 equalis
476 2430 669 2506 quadrato,
694 2431 789 2505 quod
808 2433 862 2489 est
879 2451 920 2490 ex
937 2431 1053 2491 teroio
1074 2433 1126 2492 la·

109 2522 198 2593 tere,
223 2520 388 2596 angulus,
414 2520 469 2578 oui
493 2519 725 2578 subtenditur
747 2521 858 2595 latus,
882 2523 936 2579 est
958 2515 1126 2604 rectusfl)

198 2607 281 2666 Dixit
304 2610 436 2667 ranas:
468 2609 557 2683 Diuo,
586 2609 666 2682 quod
693 2609 785 2684 linea,
815 2629 871 2684 que
894 2610 1084 2684 protrahitur
1110 2631 1128 2670 a

110 2698 222 2772 puncto
247 2699 263 2755 b
292 2698 528 2775 orthogonaliter
555 2715 645 2772 supra
671 2698 782 2756 lineam
805 2699 856 2776 bg,
885 2701 921 2757 ut
944 2699 1129 2774 quadratum

110 2785 174 2844 eius
198 2805 266 2844 oum
290 2787 436 2861 quadrato
460 2788 500 2860 by
524 2789 653 2862 equatur
675 2787 823 2862 quadrato
847 2806 899 2861 ag,
922 2792 1047 2848 nonest
1067 2789 1127 2849 alia

181 2945 294 2992 28-29.
316 2940 361 3008 by,
380 2940 413 2991 ut
427 2938 598 3005 quadratum
612 2937 672 2992 eius
687 2955 750 2991 oum
764 2939 903 3006 quadrato
920 2940 969 3012 bg]
988 2942 1028 2996 ab
1044 2945 1127 3010 parte

112 3012 151 3064 ub
169 3010 261 3063 minus
282 3009 453 3077 quadratum
472 3011 515 3062 eat
534 3009 673 3077 quadrato
692 3011 707 3064 b
713 3027 737 3080 9.

184 3155 209 3218 1)
229 3152 365 3206 Euonrnns
383 3152 404 3219 I,
423 3157 470 3206 47:
500 3151 544 3218 st,
563 3153 635 3222 quod
658 3153 693 3206 ab
716 3169 772 3207 uuo
790 3153 927 3224 trianguli
944 3155 1028 3211 latere
1050 3157 1085 3212 iu
1102 3174 1129 3215 se

112 3226 202 3294 ipsura
220 3228 300 3279 ducto
315 3224 492 3293 producitur,
516 3241 613 3293 equum
631 3223 717 3290 fuerit
735 3225 840 3279 duobus
859 3227 1016 3294 quadratis,
1039 3245 1093 3297 qaae
1110 3247 1129 3284 a

112 3298 216 3351 duobus
238 3297 351 3365 reliquis
375 3296 505 3349 lateribus
528 3295 731 3363 describuntur,
754 3303 841 3352 reatus
864 3303 902 3352 est
925 3299 1058 3369 anquina,
1083 3303 1130 3356 oui

113 3368 186 3422 lutus
204 3369 276 3421 illud
294 3367 449 3435 opponitur.

185 3442 211 3508 2)
231 3438 332 3492 Confer
349 3437 480 3490 Paoonuu
494 3442 555 3505 430,
574 3443 652 3506 laq,
672 3437 764 3505 quiet
783 3439 935 3493 secundam
948 3442 1060 3508 partem
1081 3443 1130 3498 de-

113 3509 326 3565 monstrationis
346 3507 475 3563 absolvit.
515 3508 570 3563 Sed
588 3508 709 3562 Hnaoum
728 3526 789 3564 non
803 3511 873 3566 fauit
891 3510 1073 3570 mentionem.
