2408 3848
394 152 444 207 AD
462 151 648 208 EUOLIDEM
665 152 732 208 ΠΒ.
747 153 781 208 Χ.
1019 153 1085 218 241

74 321 256 398 quadratum
280 339 314 380 ez
337 320 415 380 siout
436 322 590 398 proportio
609 321 726 381 numeri
744 324 786 381 ab
805 321 842 380 ad
861 341 1019 380 numerum
1037 323 1087 396 by,

76 410 130 487 qui
157 429 216 468 non
244 412 288 468 est
317 410 488 484 quadratus.
539 411 618 488 Ergo
648 413 688 470 de
710 414 756 470 est
777 409 1028 469 incommunieans
1052 427 1087 470 er

74 499 107 558 in
133 498 333 576 longitudino,
361 518 431 576 ergo
459 502 499 559 de
525 501 625 575 potest
653 518 743 575 supra
771 501 812 559 da
834 519 902 558 eum
926 501 1086 576 augmento

76 588 216 664 quadrati
238 587 316 645 linee
340 587 470 647 seiunoto
494 588 551 646 sibi
573 589 605 648 in
626 587 826 666 longitudino:
855 606 925 665 ergo
950 587 1030 647 linea
1052 589 1088 646 bt

75 679 174 753 potest
197 695 286 752 supra
307 678 341 734 tle
359 695 427 735 eum
446 679 605 754 augmento
625 677 764 753 quadrati
782 677 860 735 lineo
879 676 1009 736 seiuncta
1029 677 1086 735 sibi
1112 688 1128 729 o

75 766 107 823 in
134 765 334 842 longitudine,
362 769 392 823 et
419 767 453 824 tle
478 766 597 825 brevior
625 765 822 825 communicat
844 765 922 824 lineo
944 765 1088 824 rationali

75 853 180 930 posite.
217 854 298 931 Ergo
316 854 358 912 blo
376 857 422 913 est
438 854 603 914 binomium
621 855 770 930 quintum,
790 858 820 913 et
837 854 916 912 illud
934 857 987 929 est,
1007 854 1087 930 quod

77 943 279 1002 demonstrare
302 943 458 1002 voluimus.

164 1032 298 1109 Figura
329 1033 372 1090 ad
405 1032 660 1092 inveniendum
686 1031 881 1092 binomium
908 1024 1086 1113 sextum.¹)

77 1119 283 1195 Ostendam,
325 1121 487 1196 qualitor
528 1121 723 1180 binomium
764 1123 904 1179 sextum
944 1120 993 1180 sit
1032 1121 1085 1179 in·
1101 1132 1130 1172 1⁰

76 1208 299 1268 veniendum.

167 1297 213 1356 Sit
234 1299 337 1373 itaquo
360 1317 499 1357 numerus
522 1300 562 1358 ab
586 1296 760 1373 quadratus,
779 1315 869 1372 quam
888 1315 978 1374 supra
995 1318 1087 1374 pune·

76 1390 143 1445 tum
163 1406 184 1461 9
206 1387 349 1463 dividam,
373 1389 403 1445 et
425 1406 543 1463 ponam,
566 1388 601 1445 ut
623 1389 729 1445 neuter
752 1385 876 1445 duorum
898 1407 1088 1446 numerorum

79 1494 122 1550 ap
144 1478 174 1535 et
194 1477 236 1552 qb
259 1476 299 1535 sit
317 1476 493 1552 quadratus3
517 1478 547 1534 et
565 1494 675 1553 penam
693 1495 848 1534 numerum
865 1476 895 1553 le,
919 1476 1001 1534 ouius
1019 1495 1087 1552 pro·

225 1637 477 1707 beouqoedratus
494 1656 512 1709 9
605 1653 662 1692 non
680 1638 832 1706 quadratus

233 1709 508 1746 l———l
933 1707 937 1743 l

507 1799 660 1868 quadratus

80 2884 177 2961 portio
206 2884 244 2943 ad
271 2881 402 2960 aliquem
425 2885 551 2945 duorum
573 2901 762 2943 numerorum
784 2885 826 2943 ab
850 2885 880 2943 ot
903 2902 945 2959 ap
967 2904 1026 2945 non
1049 2884 1089 2944 sit
1102 2901 1131 2946 ιε

80 2975 157 3032 sieut
184 2972 336 3049 proportio
359 2974 476 3032 numeri
499 2973 638 3050 quadrati
661 2973 878 3031 adnumerum
901 2973 1088 3049 quadratum.

80 3061 195 3121 Deinde
222 3080 331 3138 ponem
357 3062 468 3121 lineam
489 3062 523 3121 in
543 3062 730 3140 longitudine
752 3061 942 3137 rationalem,
969 3081 1025 3139 que
1049 3063 1090 3122 sit

82 3152 101 3225 l,
125 3154 155 3210 et
176 3151 287 3210 lineam
310 3151 477 3230 seeundam,
500 3170 557 3227 que
576 3151 616 3210 sit
633 3153 676 3225 bt,
695 3154 725 3210 ot
747 3170 865 3228 ponam,
883 3154 918 3211 ut
936 3152 1088 3228 proportio

82 3240 222 3315 quadrati
245 3242 280 3298 bt
301 3240 340 3299 ad
360 3240 542 3316 quadratum
560 3240 570 3298 l
592 3239 632 3298 sit
650 3239 727 3299 siout
744 3241 896 3316 proportio
915 3240 1029 3299 numeri
1047 3241 1088 3298 ab

155 3455 181 3523 1)
208 3423 342 3509 Enonmns
366 3454 404 3522 X,
425 3458 459 3509 50
487 3453 638 3524 (Omnino
658 3452 695 3523 X,
715 3458 762 3523 4⁷3
790 3452 957 3508 Hammonis
974 3452 1012 3523 X,
1032 3453 1088 3522 53lr

80 3523 212 3580 Binomio
230 3533 304 3581 sento
322 3526 429 3580 demina
447 3531 550 3596 oportet
566 3525 695 3582 tooure.

137 3621 221 3665 domm.
235 3624 265 3666 od
278 3623 368 3666 Enolid.
383 3624 417 3667 ed.
432 3625 542 3670 curtae.
917 3614 958 3662 Ἢ)
