<?xml version="1.0" encoding="UTF-8"?>
<!DOCTYPE html PUBLIC "-//W3C//DTD XHTML 1.0 Transitional//EN"
    "http://www.w3.org/TR/xhtml1/DTD/xhtml1-transitional.dtd">
<html xmlns="http://www.w3.org/1999/xhtml" xml:lang="en" lang="en">
 <head>
  <title>
</title>
<meta http-equiv="Content-Type" content="text/html;charset=utf-8" />
  <meta name='ocr-system' content='tesseract 3.04.00' />
  <meta name='ocr-capabilities' content='ocr_page ocr_carea ocr_par ocr_line ocrx_word'/>
</head>
<body>
  <div class='ocr_page' id='page_1' title='image "./euclidisoperaom18unkngoog/euclidisoperaom18unkngoog_0042.png"; bbox 0 0 2408 3848; ppageno 0'>
   <div class='ocr_carea' id='block_1_1' title="bbox 394 127 1086 191">
    <p class='ocr_par' dir='ltr' id='par_1_1' title="bbox 394 127 1086 191">
     <span class='ocr_line' id='line_1_1' title="bbox 394 127 1086 191; baseline -0.003 -8"><span class='ocrx_word' id='word_1_1' title='bbox 394 128 444 184; x_wconf 87' lang='lat' dir='ltr'>AD</span> <span class='ocrx_word' id='word_1_2' title='bbox 462 127 647 184; x_wconf 78' lang='lat' dir='ltr'>EUOLIDEM</span> <span class='ocrx_word' id='word_1_3' title='bbox 665 128 731 183; x_wconf 81' lang='lat' dir='ltr'>LIB.</span> <span class='ocrx_word' id='word_1_4' title='bbox 745 128 767 184; x_wconf 86' lang='grc' dir='ltr'>Ι.</span> <span class='ocrx_word' id='word_1_5' title='bbox 848 161 851 167; x_wconf 78' lang='lat'>,</span> <span class='ocrx_word' id='word_1_6' title='bbox 1063 128 1086 191; x_wconf 74' lang='grc' dir='ltr'>ἵ)</span> 
     </span>
    </p>
   </div>
   <div class='ocr_carea' id='block_1_2' title="bbox 41 296 1182 3396">
    <p class='ocr_par' dir='ltr' id='par_1_2' title="bbox 46 296 1153 1885">
     <span class='ocr_line' id='line_1_2' title="bbox 165 296 1086 370; baseline 0.001 -16"><span class='ocrx_word' id='word_1_7' title='bbox 165 296 250 355; x_wconf 86' lang='lat' dir='ltr'>Dixit</span> <span class='ocrx_word' id='word_1_8' title='bbox 263 296 435 357; x_wconf 82' lang='lat' dir='ltr'>Euonmns:</span> <span class='ocrx_word' id='word_1_9' title='bbox 451 297 519 357; x_wconf 80' lang='lat' dir='ltr'>Due</span> <span class='ocrx_word' id='word_1_10' title='bbox 533 299 722 358; x_wconf 62' lang='lat' dir='ltr'>meusne</span> <span class='ocrx_word' id='word_1_11' title='bbox 733 298 808 357; x_wconf 79' lang='lat' dir='ltr'>lineo</span> <span class='ocrx_word' id='word_1_12' title='bbox 819 300 888 357; x_wconf 80' lang='lat' dir='ltr'>sont</span> <span class='ocrx_word' id='word_1_13' title='bbox 900 297 957 356; x_wconf 77' lang='lat' dir='ltr'>dno</span> <span class='ocrx_word' id='word_1_14' title='bbox 966 300 1086 370; x_wconf 63' lang='lat' dir='ltr'>mente</span> 
     </span>
     <span class='ocr_line' id='line_1_3' title="bbox 165 383 1087 462; baseline 0 -19"><span class='ocrx_word' id='word_1_15' title='bbox 165 384 263 462; x_wconf 78' lang='lat' dir='ltr'>Supra</span> <span class='ocrx_word' id='word_1_16' title='bbox 284 386 340 444; x_wconf 88' lang='lat' dir='ltr'>hoe</span> <span class='ocrx_word' id='word_1_17' title='bbox 363 383 593 446; x_wconf 67' lang='lat' dir='ltr'>§menemus</span> <span class='ocrx_word' id='word_1_18' title='bbox 617 385 703 446; x_wconf 88' lang='lat' dir='ltr'>dixit:</span> <span class='ocrx_word' id='word_1_19' title='bbox 730 387 799 444; x_wconf 87' lang='lat' dir='ltr'>Non</span> <span class='ocrx_word' id='word_1_20' title='bbox 821 385 897 446; x_wconf 88' lang='lat' dir='ltr'>dixit</span> <span class='ocrx_word' id='word_1_21' title='bbox 919 384 1087 461; x_wconf 81' lang='lat' dir='ltr'>Enonmns,</span> 
     </span>
     <span class='ocr_line' id='line_1_4' title="bbox 75 473 1087 551; baseline -0.002 -17"><span class='ocrx_word' id='word_1_22' title='bbox 75 473 159 549; x_wconf 87' lang='lat' dir='ltr'>qnod</span> <span class='ocrx_word' id='word_1_23' title='bbox 184 474 313 550; x_wconf 76' lang='lat' dir='ltr'>quilibet</span> <span class='ocrx_word' id='word_1_24' title='bbox 342 475 423 532; x_wconf 81' lang='lat' dir='ltr'>lineo</span> <span class='ocrx_word' id='word_1_25' title='bbox 450 475 490 532; x_wconf 86' lang='lat' dir='ltr'>sit</span> <span class='ocrx_word' id='word_1_26' title='bbox 515 475 601 534; x_wconf 79' lang='lat' dir='ltr'>finitn</span> <span class='ocrx_word' id='word_1_27' title='bbox 627 475 755 551; x_wconf 84' lang='lat' dir='ltr'>punctis.</span> <span class='ocrx_word' id='word_1_28' title='bbox 803 474 988 550; x_wconf 84' lang='lat' dir='ltr'>Impossibile</span> <span class='ocrx_word' id='word_1_29' title='bbox 1015 477 1087 532; x_wconf 87' lang='lat' dir='ltr'>tuno</span> 
     </span>
     <span class='ocr_line' id='line_1_5' title="bbox 68 563 1087 639; baseline -0.003 -16"><span class='ocrx_word' id='word_1_30' title='bbox 68 565 131 638; x_wconf 74' lang='lat' dir='ltr'>est,</span> <span class='ocrx_word' id='word_1_31' title='bbox 153 563 235 639; x_wconf 90' lang='lat' dir='ltr'>quod</span> <span class='ocrx_word' id='word_1_32' title='bbox 256 563 297 622; x_wconf 86' lang='lat' dir='ltr'>sit</span> <span class='ocrx_word' id='word_1_33' title='bbox 318 563 398 621; x_wconf 79' lang='lat' dir='ltr'>linea</span> <span class='ocrx_word' id='word_1_34' title='bbox 423 563 549 622; x_wconf 87' lang='lat' dir='ltr'>infinite.</span> <span class='ocrx_word' id='word_1_35' title='bbox 597 564 668 622; x_wconf 84' lang='lat' dir='ltr'>Non</span> <span class='ocrx_word' id='word_1_36' title='bbox 693 567 794 622; x_wconf 85' lang='lat' dir='ltr'>tamen</span> <span class='ocrx_word' id='word_1_37' title='bbox 821 563 951 622; x_wconf 78' lang='lat' dir='ltr'>iudionre</span> <span class='ocrx_word' id='word_1_38' title='bbox 979 563 1014 620; x_wconf 79' lang='lat' dir='ltr'>de</span> <span class='ocrx_word' id='word_1_39' title='bbox 1042 563 1087 621; x_wconf 87' lang='lat' dir='ltr'>his</span> 
     </span>
     <span class='ocr_line' id='line_1_6' title="bbox 75 651 1126 730; baseline 0 -19"><span class='ocrx_word' id='word_1_40' title='bbox 75 651 174 712; x_wconf 83' lang='lat' dir='ltr'>verbis</span> <span class='ocrx_word' id='word_1_41' title='bbox 197 653 307 712; x_wconf 78' lang='lat' dir='ltr'>attinet</span> <span class='ocrx_word' id='word_1_42' title='bbox 329 653 497 728; x_wconf 80' lang='lat' dir='ltr'>geometris,</span> <span class='ocrx_word' id='word_1_43' title='bbox 518 653 592 727; x_wconf 84' lang='lat' dir='ltr'>quie</span> <span class='ocrx_word' id='word_1_44' title='bbox 614 653 670 711; x_wconf 88' lang='lat' dir='ltr'>hoo</span> <span class='ocrx_word' id='word_1_45' title='bbox 691 656 811 712; x_wconf 80' lang='lat' dir='ltr'>tentum</span> <span class='ocrx_word' id='word_1_46' title='bbox 832 653 977 730; x_wconf 72' lang='lat' dir='ltr'>magistro</span> <span class='ocrx_word' id='word_1_47' title='bbox 1000 654 1086 710; x_wconf 83' lang='lat' dir='ltr'>nstn·</span> <span class='ocrx_word' id='word_1_48' title='bbox 1114 670 1126 711; x_wconf 84' lang='lat' dir='ltr'>s</span> 
     </span>
     <span class='ocr_line' id='line_1_7' title="bbox 75 739 1089 817; baseline -0.003 -16"><span class='ocrx_word' id='word_1_49' title='bbox 75 741 149 801; x_wconf 79' lang='lat' dir='ltr'>ralis</span> <span class='ocrx_word' id='word_1_50' title='bbox 170 741 291 800; x_wconf 77' lang='lat' dir='ltr'><strong>scientie</strong></span> <span class='ocrx_word' id='word_1_51' title='bbox 310 740 458 800; x_wconf 84' lang='lat' dir='ltr'>convenit.</span> <span class='ocrx_word' id='word_1_52' title='bbox 495 739 650 800; x_wconf 82' lang='lat' dir='ltr'>Geometre</span> <span class='ocrx_word' id='word_1_53' title='bbox 663 745 765 800; x_wconf 79' lang='lat' dir='ltr'>temen</span> <span class='ocrx_word' id='word_1_54' title='bbox 778 741 955 817; x_wconf 84' lang='lat' dir='ltr'>quandoque</span> <span class='ocrx_word' id='word_1_55' title='bbox 973 744 1089 816; x_wconf 87' lang='lat' dir='ltr'>ponunt</span> 
     </span>
     <span class='ocr_line' id='line_1_8' title="bbox 75 829 1087 906; baseline -0.002 -17"><span class='ocrx_word' id='word_1_56' title='bbox 75 830 171 889; x_wconf 80' lang='lat' dir='ltr'>linens</span> <span class='ocrx_word' id='word_1_57' title='bbox 194 848 256 889; x_wconf 86' lang='lat' dir='ltr'>esse</span> <span class='ocrx_word' id='word_1_58' title='bbox 279 829 419 903; x_wconf 83' lang='lat' dir='ltr'>infinitos,</span> <span class='ocrx_word' id='word_1_59' title='bbox 442 830 521 889; x_wconf 78' lang='lat' dir='ltr'>lines</span> <span class='ocrx_word' id='word_1_60' title='bbox 543 849 662 906; x_wconf 90' lang='lat' dir='ltr'>quoque</span> <span class='ocrx_word' id='word_1_61' title='bbox 690 830 864 889; x_wconf 85' lang='lat' dir='ltr'>oiroonflexn</span> <span class='ocrx_word' id='word_1_62' title='bbox 890 834 936 888; x_wconf 84' lang='lat' dir='ltr'>est</span> <span class='ocrx_word' id='word_1_63' title='bbox 962 829 1087 887; x_wconf 60' lang='lat' dir='ltr'>infinite„</span> 
     </span>
     <span class='ocr_line' id='line_1_9' title="bbox 76 917 1088 996; baseline -0.002 -18"><span class='ocrx_word' id='word_1_64' title='bbox 76 918 237 978; x_wconf 80' lang='lat' dir='ltr'>Euenrnns</span> <span class='ocrx_word' id='word_1_65' title='bbox 265 921 367 978; x_wconf 81' lang='lat' dir='ltr'>eutem</span> <span class='ocrx_word' id='word_1_66' title='bbox 389 918 486 978; x_wconf 89' lang='lat' dir='ltr'>noluit</span> <span class='ocrx_word' id='word_1_67' title='bbox 512 919 678 996; x_wconf 84' lang='lat' dir='ltr'>intelligere</span> <span class='ocrx_word' id='word_1_68' title='bbox 705 919 775 996; x_wconf 87' lang='lat' dir='ltr'>nisi,</span> <span class='ocrx_word' id='word_1_69' title='bbox 798 919 879 995; x_wconf 86' lang='lat' dir='ltr'>qnod</span> <span class='ocrx_word' id='word_1_70' title='bbox 905 919 982 976; x_wconf 89' lang='lat' dir='ltr'>linee</span> <span class='ocrx_word' id='word_1_71' title='bbox 1005 917 1088 976; x_wconf 86' lang='lat' dir='ltr'>finite</span> 
     </span>
     <span class='ocr_line' id='line_1_10' title="bbox 75 1006 1088 1084; baseline -0.003 -17"><span class='ocrx_word' id='word_1_72' title='bbox 75 1006 222 1067; x_wconf 88' lang='lat' dir='ltr'>finiuntur</span> <span class='ocrx_word' id='word_1_73' title='bbox 238 1007 365 1082; x_wconf 85' lang='lat' dir='ltr'>punctis,</span> <span class='ocrx_word' id='word_1_74' title='bbox 385 1006 636 1082; x_wconf 82' lang='lat' dir='ltr'>quemadmodum</span> <span class='ocrx_word' id='word_1_75' title='bbox 654 1008 822 1084; x_wconf 79' lang='lat' dir='ltr'>superficies</span> <span class='ocrx_word' id='word_1_76' title='bbox 835 1008 980 1066; x_wconf 86' lang='lat' dir='ltr'>finiuntur</span> <span class='ocrx_word' id='word_1_77' title='bbox 993 1007 1088 1082; x_wconf 89' lang='lat' dir='ltr'>lineis,</span> 
     </span>
     <span class='ocr_line' id='line_1_11' title="bbox 76 1095 1127 1172; baseline -0.002 -16"><span class='ocrx_word' id='word_1_78' title='bbox 76 1099 123 1172; x_wconf 87' lang='lat' dir='ltr'>et,</span> <span class='ocrx_word' id='word_1_79' title='bbox 147 1099 182 1154; x_wconf 90' lang='lat' dir='ltr'>nt</span> <span class='ocrx_word' id='word_1_80' title='bbox 204 1097 324 1155; x_wconf 88' lang='lat' dir='ltr'>omnino</span> <span class='ocrx_word' id='word_1_81' title='bbox 347 1095 457 1171; x_wconf 81' lang='lat' dir='ltr'>dicem,</span> <span class='ocrx_word' id='word_1_82' title='bbox 485 1096 563 1154; x_wconf 85' lang='lat' dir='ltr'>sieut</span> <span class='ocrx_word' id='word_1_83' title='bbox 584 1096 686 1155; x_wconf 90' lang='lat' dir='ltr'>finitur</span> <span class='ocrx_word' id='word_1_84' title='bbox 712 1116 798 1156; x_wconf 92' lang='lat' dir='ltr'>omne</span> <span class='ocrx_word' id='word_1_85' title='bbox 821 1096 908 1172; x_wconf 85' lang='lat' dir='ltr'>illud,</span> <span class='ocrx_word' id='word_1_86' title='bbox 936 1095 1018 1171; x_wconf 88' lang='lat' dir='ltr'>quod</span> <span class='ocrx_word' id='word_1_87' title='bbox 1044 1099 1089 1154; x_wconf 88' lang='lat' dir='ltr'>est</span> <span class='ocrx_word' id='word_1_88' title='bbox 1102 1115 1127 1154; x_wconf 76' lang='lat' dir='ltr'>so</span> 
     </span>
     <span class='ocr_line' id='line_1_12' title="bbox 75 1181 1090 1262; baseline -0.001 -18"><span class='ocrx_word' id='word_1_89' title='bbox 75 1184 168 1245; x_wconf 87' lang='lat' dir='ltr'>unius</span> <span class='ocrx_word' id='word_1_90' title='bbox 184 1185 311 1262; x_wconf 84' lang='lat' dir='ltr'>generis,</span> <span class='ocrx_word' id='word_1_91' title='bbox 333 1205 387 1260; x_wconf 87' lang='lat' dir='ltr'>per</span> <span class='ocrx_word' id='word_1_92' title='bbox 404 1185 444 1260; x_wconf 84' lang='lat' dir='ltr'>id,</span> <span class='ocrx_word' id='word_1_93' title='bbox 468 1184 547 1261; x_wconf 91' lang='lat' dir='ltr'>qnod</span> <span class='ocrx_word' id='word_1_94' title='bbox 564 1181 611 1244; x_wconf 84' lang='lat' dir='ltr'>est</span> <span class='ocrx_word' id='word_1_95' title='bbox 632 1187 731 1244; x_wconf 86' lang='lat' dir='ltr'>minus</span> <span class='ocrx_word' id='word_1_96' title='bbox 748 1186 801 1244; x_wconf 90' lang='lat' dir='ltr'>illo</span> <span class='ocrx_word' id='word_1_97' title='bbox 818 1185 981 1245; x_wconf 88' lang='lat' dir='ltr'>seeundum</span> <span class='ocrx_word' id='word_1_98' title='bbox 998 1203 1090 1243; x_wconf 80' lang='lat' dir='ltr'>unnm</span> 
     </span>
     <span class='ocr_line' id='line_1_13' title="bbox 76 1273 1090 1349; baseline -0.001 -16"><span class='ocrx_word' id='word_1_99' title='bbox 76 1273 298 1333; x_wconf 83' lang='lat' dir='ltr'>dimensionem</span> <span class='ocrx_word' id='word_1_100' title='bbox 346 1273 388 1332; x_wconf 81' lang='lat' dir='ltr'>Et</span> <span class='ocrx_word' id='word_1_101' title='bbox 414 1292 474 1331; x_wconf 93' lang='lat' dir='ltr'>non</span> <span class='ocrx_word' id='word_1_102' title='bbox 501 1273 576 1332; x_wconf 91' lang='lat' dir='ltr'>dixit</span> <span class='ocrx_word' id='word_1_103' title='bbox 602 1274 658 1334; x_wconf 87' lang='lat' dir='ltr'>hoe</span> <span class='ocrx_word' id='word_1_104' title='bbox 689 1275 746 1332; x_wconf 90' lang='lat' dir='ltr'>nisi</span> <span class='ocrx_word' id='word_1_105' title='bbox 777 1277 899 1349; x_wconf 88' lang='lat' dir='ltr'>propter</span> <span class='ocrx_word' id='word_1_106' title='bbox 930 1275 1090 1332; x_wconf 79' lang='lat' dir='ltr'>sectionem</span> 
     </span>
     <span class='ocr_line' id='line_1_14' title="bbox 74 1362 1153 1441; baseline -0.001 -20"><span class='ocrx_word' id='word_1_107' title='bbox 74 1362 282 1441; x_wconf 73' lang='lat' dir='ltr'>quantitatum</span> <span class='ocrx_word' id='word_1_108' title='bbox 304 1365 335 1420; x_wconf 90' lang='lat' dir='ltr'>et</span> <span class='ocrx_word' id='word_1_109' title='bbox 357 1381 462 1421; x_wconf 89' lang='lat' dir='ltr'>eornm</span> <span class='ocrx_word' id='word_1_110' title='bbox 484 1365 685 1440; x_wconf 82' lang='lat' dir='ltr'>augmentum.</span> <span class='ocrx_word' id='word_1_111' title='bbox 729 1362 794 1420; x_wconf 91' lang='lat' dir='ltr'>Hoo</span> <span class='ocrx_word' id='word_1_112' title='bbox 817 1365 874 1437; x_wconf 89' lang='lat' dir='ltr'>est,</span> <span class='ocrx_word' id='word_1_113' title='bbox 900 1362 996 1437; x_wconf 87' lang='lat' dir='ltr'>quod,</span> <span class='ocrx_word' id='word_1_114' title='bbox 1023 1382 1094 1421; x_wconf 87' lang='lat' dir='ltr'>eum.</span> <span class='ocrx_word' id='word_1_115' title='bbox 1150 1401 1153 1407; x_wconf 38' lang='grc' dir='ltr'><em>ι</em></span> 
     </span>
     <span class='ocr_line' id='line_1_15' title="bbox 77 1442 1090 1527; baseline -0.003 -16"><span class='ocrx_word' id='word_1_116' title='bbox 77 1451 192 1511; x_wconf 83' lang='lat' dir='ltr'>fuerint</span> <span class='ocrx_word' id='word_1_117' title='bbox 213 1451 285 1510; x_wconf 89' lang='lat' dir='ltr'>fines</span> <span class='ocrx_word' id='word_1_118' title='bbox 308 1452 456 1510; x_wconf 84' lang='lat' dir='ltr'>linearum</span> <span class='ocrx_word' id='word_1_119' title='bbox 477 1442 600 1527; x_wconf 77' lang='lat' dir='ltr'>punotd,</span> <span class='ocrx_word' id='word_1_120' title='bbox 622 1451 813 1510; x_wconf 79' lang='lat' dir='ltr'>manifestum</span> <span class='ocrx_word' id='word_1_121' title='bbox 836 1455 889 1525; x_wconf 88' lang='lat' dir='ltr'>est,</span> <span class='ocrx_word' id='word_1_122' title='bbox 911 1451 999 1526; x_wconf 88' lang='lat' dir='ltr'>qnod,</span> <span class='ocrx_word' id='word_1_123' title='bbox 1021 1467 1090 1509; x_wconf 90' lang='lat' dir='ltr'>oum</span> 
     </span>
     <span class='ocr_line' id='line_1_16' title="bbox 74 1530 1129 1617; baseline -0.001 -18"><span class='ocrx_word' id='word_1_124' title='bbox 74 1543 224 1617; x_wconf 83' lang='lat' dir='ltr'>punotum</span> <span class='ocrx_word' id='word_1_125' title='bbox 243 1539 377 1599; x_wconf 72' lang='lat' dir='ltr'>diviserit</span> <span class='ocrx_word' id='word_1_126' title='bbox 394 1541 513 1614; x_wconf 81' lang='lat' dir='ltr'>lineam,</span> <span class='ocrx_word' id='word_1_127' title='bbox 536 1559 596 1600; x_wconf 92' lang='lat' dir='ltr'>non</span> <span class='ocrx_word' id='word_1_128' title='bbox 613 1536 746 1599; x_wconf 83' lang='lat' dir='ltr'>inveniet</span> <span class='ocrx_word' id='word_1_129' title='bbox 764 1559 799 1598; x_wconf 88' lang='lat' dir='ltr'>ex</span> <span class='ocrx_word' id='word_1_130' title='bbox 818 1559 851 1598; x_wconf 93' lang='lat' dir='ltr'>eo</span> <span class='ocrx_word' id='word_1_131' title='bbox 870 1530 1129 1614; x_wconf 74' lang='lat' dir='ltr'>dimensionem,rs</span> 
     </span>
     <span class='ocr_line' id='line_1_17' title="bbox 46 1623 1090 1707; baseline -0.001 -21"><span class='ocrx_word' id='word_1_132' title='bbox 46 1628 51 1636; x_wconf 84' lang='lat'>&#39;</span> <span class='ocrx_word' id='word_1_133' title='bbox 79 1633 111 1688; x_wconf 94' lang='lat' dir='ltr'>et</span> <span class='ocrx_word' id='word_1_134' title='bbox 135 1629 225 1688; x_wconf 80' lang='lat' dir='ltr'>etiam</span> <span class='ocrx_word' id='word_1_135' title='bbox 242 1623 422 1707; x_wconf 56' lang='lat' dir='ltr'>quod-&lt;sb</span> <span class='ocrx_word' id='word_1_136' title='bbox 442 1629 518 1688; x_wconf 90' lang='lat' dir='ltr'>linee</span> <span class='ocrx_word' id='word_1_137' title='bbox 542 1648 604 1689; x_wconf 88' lang='lat' dir='ltr'>sese</span> <span class='ocrx_word' id='word_1_138' title='bbox 621 1629 798 1706; x_wconf 76' lang='lat' dir='ltr'>contingent</span> <span class='ocrx_word' id='word_1_139' title='bbox 816 1630 847 1686; x_wconf 92' lang='lat' dir='ltr'>in</span> <span class='ocrx_word' id='word_1_140' title='bbox 864 1629 993 1704; x_wconf 73' lang='lat' dir='ltr'>prmotis,</span> <span class='ocrx_word' id='word_1_141' title='bbox 1015 1628 1090 1686; x_wconf 88' lang='lat' dir='ltr'>nihil</span> 
     </span>
     <span class='ocr_line' id='line_1_18' title="bbox 76 1716 1088 1794; baseline -0.004 -16"><span class='ocrx_word' id='word_1_142' title='bbox 76 1717 232 1794; x_wconf 74' lang='lat' dir='ltr'>augmenti</span> <span class='ocrx_word' id='word_1_143' title='bbox 255 1737 290 1777; x_wconf 90' lang='lat' dir='ltr'>ex</span> <span class='ocrx_word' id='word_1_144' title='bbox 313 1718 365 1778; x_wconf 90' lang='lat' dir='ltr'>illo</span> <span class='ocrx_word' id='word_1_145' title='bbox 389 1721 529 1777; x_wconf 75' lang='lat' dir='ltr'>contentu</span> <span class='ocrx_word' id='word_1_146' title='bbox 551 1719 708 1794; x_wconf 76' lang='lat' dir='ltr'>recipiunt.</span> <span class='ocrx_word' id='word_1_147' title='bbox 754 1716 910 1778; x_wconf 81' lang='lat' dir='ltr'>Geometre</span> <span class='ocrx_word' id='word_1_148' title='bbox 928 1736 998 1776; x_wconf 85' lang='lat' dir='ltr'>vero</span> <span class='ocrx_word' id='word_1_149' title='bbox 1021 1736 1088 1792; x_wconf 88' lang='lat' dir='ltr'>pro·</span> 
     </span>
     <span class='ocr_line' id='line_1_19' title="bbox 75 1804 951 1885; baseline -0.003 -18"><span class='ocrx_word' id='word_1_150' title='bbox 75 1806 189 1867; x_wconf 84' lang='lat' dir='ltr'>bantur</span> <span class='ocrx_word' id='word_1_151' title='bbox 210 1806 301 1866; x_wconf 78' lang='lat' dir='ltr'>verba</span> <span class='ocrx_word' id='word_1_152' title='bbox 323 1806 395 1865; x_wconf 83' lang='lat' dir='ltr'>iste:</span> <span class='ocrx_word' id='word_1_153' title='bbox 419 1805 625 1882; x_wconf 80' lang='lat' dir='ltr'>„recipiunt</span> <span class='ocrx_word' id='word_1_154' title='bbox 647 1809 682 1868; x_wconf 87' lang='lat' dir='ltr'>et</span> <span class='ocrx_word' id='word_1_155' title='bbox 705 1804 951 1885; x_wconf 82' lang='lat' dir='ltr'>contingunt“.</span> 
     </span>
    </p>

    <p class='ocr_par' dir='ltr' id='par_1_3' title="bbox 74 1895 1129 2326">
     <span class='ocr_line' id='line_1_20' title="bbox 167 1895 1090 1969; baseline 0.001 -16"><span class='ocrx_word' id='word_1_156' title='bbox 167 1895 251 1954; x_wconf 84' lang='lat' dir='ltr'>Dixit</span> <span class='ocrx_word' id='word_1_157' title='bbox 274 1895 447 1954; x_wconf 80' lang='lat' dir='ltr'>Euonmns:</span> <span class='ocrx_word' id='word_1_158' title='bbox 469 1895 566 1955; x_wconf 75' lang='lat' dir='ltr'>Linea</span> <span class='ocrx_word' id='word_1_159' title='bbox 586 1899 666 1955; x_wconf 82' lang='lat' dir='ltr'>reeta</span> <span class='ocrx_word' id='word_1_160' title='bbox 684 1900 733 1964; x_wconf 83' lang='lat' dir='ltr'>est,</span> <span class='ocrx_word' id='word_1_161' title='bbox 756 1914 810 1969; x_wconf 79' lang='lat' dir='ltr'>que</span> <span class='ocrx_word' id='word_1_162' title='bbox 832 1900 875 1954; x_wconf 83' lang='lat' dir='ltr'>est</span> <span class='ocrx_word' id='word_1_163' title='bbox 885 1897 985 1969; x_wconf 75' lang='lat' dir='ltr'>posito</span> <span class='ocrx_word' id='word_1_164' title='bbox 1002 1912 1090 1969; x_wconf 74' lang='lat' dir='ltr'>super</span> 
     </span>
     <span class='ocr_line' id='line_1_21' title="bbox 77 1984 1129 2058; baseline 0 -16"><span class='ocrx_word' id='word_1_165' title='bbox 77 1984 191 2058; x_wconf 77' lang='lat' dir='ltr'>equulo,</span> <span class='ocrx_word' id='word_1_166' title='bbox 218 1985 295 2057; x_wconf 75' lang='lat' dir='ltr'>quod</span> <span class='ocrx_word' id='word_1_167' title='bbox 321 1987 364 2043; x_wconf 80' lang='lat' dir='ltr'>eet</span> <span class='ocrx_word' id='word_1_168' title='bbox 388 1986 465 2043; x_wconf 78' lang='lat' dir='ltr'>inter</span> <span class='ocrx_word' id='word_1_169' title='bbox 489 1987 588 2044; x_wconf 77' lang='lat' dir='ltr'>oemio</span> <span class='ocrx_word' id='word_1_170' title='bbox 619 1985 676 2043; x_wconf 83' lang='lat' dir='ltr'>duo</span> <span class='ocrx_word' id='word_1_171' title='bbox 698 1989 811 2058; x_wconf 71' lang='lat' dir='ltr'>poento</span> <span class='ocrx_word' id='word_1_172' title='bbox 843 1986 977 2043; x_wconf 79' lang='lat' dir='ltr'>cadentia</span> <span class='ocrx_word' id='word_1_173' title='bbox 1002 2001 1090 2057; x_wconf 70' lang='lat' dir='ltr'>emer</span> <span class='ocrx_word' id='word_1_174' title='bbox 1103 2002 1129 2042; x_wconf 83' lang='lat' dir='ltr'>so</span> 
     </span>
     <span class='ocr_line' id='line_1_22' title="bbox 74 2065 1089 2154; baseline -0.002 -22"><span class='ocrx_word' id='word_1_175' title='bbox 74 2076 182 2148; x_wconf 61' lang='lat' dir='ltr'>speum</span> <span class='ocrx_word' id='word_1_176' title='bbox 230 2073 277 2132; x_wconf 90' lang='lat' dir='ltr'>Ao</span> <span class='ocrx_word' id='word_1_177' title='bbox 304 2073 329 2130; x_wconf 89' lang='lat' dir='ltr'>si</span> <span class='ocrx_word' id='word_1_178' title='bbox 356 2073 447 2132; x_wconf 84' lang='lat' dir='ltr'>vellet</span> <span class='ocrx_word' id='word_1_179' title='bbox 472 2072 569 2132; x_wconf 86' lang='lat' dir='ltr'>dioere</span> <span class='ocrx_word' id='word_1_180' title='bbox 601 2073 689 2146; x_wconf 91' lang='lat' dir='ltr'>illud,</span> <span class='ocrx_word' id='word_1_181' title='bbox 713 2073 792 2148; x_wconf 92' lang='lat' dir='ltr'>qnod</span> <span class='ocrx_word' id='word_1_182' title='bbox 813 2072 990 2132; x_wconf 79' lang='lat' dir='ltr'>Axrmrnns</span> <span class='ocrx_word' id='word_1_183' title='bbox 998 2065 1022 2154; x_wconf 88' lang='grc'>1)</span> <span class='ocrx_word' id='word_1_184' title='bbox 1045 2073 1089 2130; x_wconf 91' lang='lat' dir='ltr'>in·</span> 
     </span>
     <span class='ocr_line' id='line_1_23' title="bbox 76 2161 1090 2238; baseline -0.002 -17"><span class='ocrx_word' id='word_1_185' title='bbox 76 2161 207 2236; x_wconf 86' lang='lat' dir='ltr'>tellexit,</span> <span class='ocrx_word' id='word_1_186' title='bbox 240 2161 296 2222; x_wconf 82' lang='lat' dir='ltr'>hoe</span> <span class='ocrx_word' id='word_1_187' title='bbox 327 2164 385 2221; x_wconf 87' lang='lat' dir='ltr'>est:</span> <span class='ocrx_word' id='word_1_188' title='bbox 416 2161 560 2222; x_wconf 83' lang='lat' dir='ltr'>brevior</span> <span class='ocrx_word' id='word_1_189' title='bbox 587 2161 775 2236; x_wconf 87' lang='lat' dir='ltr'>dimensio,</span> <span class='ocrx_word' id='word_1_190' title='bbox 808 2180 874 2236; x_wconf 93' lang='lat' dir='ltr'>que</span> <span class='ocrx_word' id='word_1_191' title='bbox 903 2162 1090 2238; x_wconf 80' lang='lat' dir='ltr'>contingit</span> 
     </span>
     <span class='ocr_line' id='line_1_24' title="bbox 75 2249 754 2326; baseline -0.003 -15"><span class='ocrx_word' id='word_1_192' title='bbox 75 2249 185 2325; x_wconf 89' lang='lat' dir='ltr'>illud,</span> <span class='ocrx_word' id='word_1_193' title='bbox 208 2249 380 2326; x_wconf 86' lang='lat' dir='ltr'>quodest</span> <span class='ocrx_word' id='word_1_194' title='bbox 402 2251 498 2309; x_wconf 87' lang='lat' dir='ltr'>inter</span> <span class='ocrx_word' id='word_1_195' title='bbox 521 2249 588 2310; x_wconf 93' lang='lat' dir='ltr'>duo</span> <span class='ocrx_word' id='word_1_196' title='bbox 611 2253 754 2326; x_wconf 75' lang='lat' dir='ltr'>punctu</span> 
     </span>
    </p>

    <p class='ocr_par' dir='ltr' id='par_1_4' title="bbox 168 2337 1089 2416">
     <span class='ocr_line' id='line_1_25' title="bbox 168 2337 1089 2416; baseline 0 -20"><span class='ocrx_word' id='word_1_197' title='bbox 168 2337 265 2414; x_wconf 82' lang='lat' dir='ltr'>Supra</span> <span class='ocrx_word' id='word_1_198' title='bbox 288 2338 343 2400; x_wconf 91' lang='lat' dir='ltr'>hoo</span> <span class='ocrx_word' id='word_1_199' title='bbox 371 2337 613 2399; x_wconf 80' lang='lat' dir='ltr'>Ssrrennrornus:</span> <span class='ocrx_word' id='word_1_200' title='bbox 641 2339 801 2400; x_wconf 80' lang='lat' dir='ltr'>Eoonmns</span> <span class='ocrx_word' id='word_1_201' title='bbox 828 2339 895 2399; x_wconf 85' lang='lat' dir='ltr'>vult</span> <span class='ocrx_word' id='word_1_202' title='bbox 924 2339 1089 2416; x_wconf 85' lang='lat' dir='ltr'>intelligere</span> 
     </span>
    </p>

    <p class='ocr_par' dir='ltr' id='par_1_5' title="bbox 41 2423 1182 3396">
     <span class='ocr_line' id='line_1_26' title="bbox 41 2423 1129 2506; baseline 0.003 -24"><span class='ocrx_word' id='word_1_203' title='bbox 41 2471 47 2482; x_wconf 92' lang='lat'><strong>.</strong></span> <span class='ocrx_word' id='word_1_204' title='bbox 76 2447 146 2490; x_wconf 84' lang='lat' dir='ltr'>eum</span> <span class='ocrx_word' id='word_1_205' title='bbox 169 2427 279 2487; x_wconf 84' lang='lat' dir='ltr'>dioere:</span> <span class='ocrx_word' id='word_1_206' title='bbox 307 2447 396 2503; x_wconf 91' lang='lat' dir='ltr'>„que</span> <span class='ocrx_word' id='word_1_207' title='bbox 423 2431 479 2488; x_wconf 88' lang='lat' dir='ltr'>est</span> <span class='ocrx_word' id='word_1_208' title='bbox 505 2423 648 2503; x_wconf 79' lang='lat' dir='ltr'>&lt;posits</span> <span class='ocrx_word' id='word_1_209' title='bbox 674 2423 803 2506; x_wconf 83' lang='lat' dir='ltr'>super&gt;</span> <span class='ocrx_word' id='word_1_210' title='bbox 826 2429 968 2504; x_wconf 82' lang='lat' dir='ltr'>equale,</span> <span class='ocrx_word' id='word_1_211' title='bbox 998 2427 1129 2503; x_wconf 80' lang='lat' dir='ltr'>quodss</span> 
     </span>
     <span class='ocr_line' id='line_1_27' title="bbox 76 2516 1091 2592; baseline -0.004 -14"><span class='ocrx_word' id='word_1_212' title='bbox 76 2519 134 2578; x_wconf 89' lang='lat' dir='ltr'>est</span> <span class='ocrx_word' id='word_1_213' title='bbox 156 2517 251 2575; x_wconf 88' lang='lat' dir='ltr'>inter</span> <span class='ocrx_word' id='word_1_214' title='bbox 273 2517 391 2576; x_wconf 84' lang='lat' dir='ltr'>omnis</span> <span class='ocrx_word' id='word_1_215' title='bbox 417 2516 486 2576; x_wconf 94' lang='lat' dir='ltr'>duo</span> <span class='ocrx_word' id='word_1_216' title='bbox 514 2516 679 2592; x_wconf 83' lang='lat' dir='ltr'>puncte,“</span> <span class='ocrx_word' id='word_1_217' title='bbox 706 2517 932 2592; x_wconf 81' lang='lat' dir='ltr'>dimensionem,</span> <span class='ocrx_word' id='word_1_218' title='bbox 960 2536 1018 2592; x_wconf 90' lang='lat' dir='ltr'>que</span> <span class='ocrx_word' id='word_1_219' title='bbox 1045 2519 1091 2575; x_wconf 88' lang='lat' dir='ltr'>est</span> 
     </span>
     <span class='ocr_line' id='line_1_28' title="bbox 75 2605 1091 2682; baseline -0.003 -16"><span class='ocrx_word' id='word_1_220' title='bbox 75 2607 156 2666; x_wconf 86' lang='lat' dir='ltr'>inter</span> <span class='ocrx_word' id='word_1_221' title='bbox 174 2605 234 2666; x_wconf 95' lang='lat' dir='ltr'>duo</span> <span class='ocrx_word' id='word_1_222' title='bbox 251 2607 364 2681; x_wconf 80' lang='lat' dir='ltr'>punote</span> <span class='ocrx_word' id='word_1_223' title='bbox 382 2605 509 2664; x_wconf 79' lang='lat' dir='ltr'>duorum</span> <span class='ocrx_word' id='word_1_224' title='bbox 527 2606 748 2665; x_wconf 80' lang='lat' dir='ltr'>extremitatum</span> <span class='ocrx_word' id='word_1_225' title='bbox 764 2624 896 2682; x_wconf 85' lang='lat' dir='ltr'>suerum,</span> <span class='ocrx_word' id='word_1_226' title='bbox 920 2605 1000 2682; x_wconf 84' lang='lat' dir='ltr'>quie,</span> <span class='ocrx_word' id='word_1_227' title='bbox 1023 2624 1091 2663; x_wconf 91' lang='lat' dir='ltr'>oum</span> 
     </span>
     <span class='ocr_line' id='line_1_29' title="bbox 76 2694 1182 2771; baseline -0.005 -14"><span class='ocrx_word' id='word_1_228' title='bbox 76 2713 133 2757; x_wconf 83' lang='lat' dir='ltr'>nos</span> <span class='ocrx_word' id='word_1_229' title='bbox 155 2694 342 2771; x_wconf 82' lang='lat' dir='ltr'>posuerimus</span> <span class='ocrx_word' id='word_1_230' title='bbox 364 2694 423 2754; x_wconf 90' lang='lat' dir='ltr'>duo</span> <span class='ocrx_word' id='word_1_231' title='bbox 445 2697 566 2770; x_wconf 86' lang='lat' dir='ltr'>punote,</span> <span class='ocrx_word' id='word_1_232' title='bbox 589 2715 647 2770; x_wconf 93' lang='lat' dir='ltr'>que</span> <span class='ocrx_word' id='word_1_233' title='bbox 670 2697 742 2754; x_wconf 83' lang='lat' dir='ltr'>sunt</span> <span class='ocrx_word' id='word_1_234' title='bbox 764 2695 842 2755; x_wconf 86' lang='lat' dir='ltr'>sient</span> <span class='ocrx_word' id='word_1_235' title='bbox 859 2696 936 2754; x_wconf 89' lang='lat' dir='ltr'>linee</span> <span class='ocrx_word' id='word_1_236' title='bbox 956 2695 1089 2752; x_wconf 89' lang='lat' dir='ltr'>extremi·</span> <span class='ocrx_word' id='word_1_237' title='bbox 1179 2718 1182 2723; x_wconf 53' lang='lat'><strong>⁴</strong></span> 
     </span>
     <span class='ocr_line' id='line_1_30' title="bbox 77 2774 1091 2863; baseline -0.005 -18"><span class='ocrx_word' id='word_1_238' title='bbox 77 2787 157 2845; x_wconf 76' lang='lat' dir='ltr'>tetes</span> <span class='ocrx_word' id='word_1_239' title='bbox 187 2779 259 2861; x_wconf 86' lang='lat' dir='ltr'>(non</span> <span class='ocrx_word' id='word_1_240' title='bbox 282 2783 361 2842; x_wconf 88' lang='lat' dir='ltr'>enim</span> <span class='ocrx_word' id='word_1_241' title='bbox 383 2782 525 2842; x_wconf 83' lang='lat' dir='ltr'>diffinivit</span> <span class='ocrx_word' id='word_1_242' title='bbox 548 2783 579 2842; x_wconf 95' lang='lat' dir='ltr'>in</span> <span class='ocrx_word' id='word_1_243' title='bbox 600 2784 656 2844; x_wconf 90' lang='lat' dir='ltr'>hoo</span> <span class='ocrx_word' id='word_1_244' title='bbox 678 2785 743 2843; x_wconf 85' lang='lat' dir='ltr'>loeo</span> <span class='ocrx_word' id='word_1_245' title='bbox 766 2781 865 2861; x_wconf 76' lang='lat' dir='ltr'>(nisi)</span> <span class='ocrx_word' id='word_1_246' title='bbox 889 2774 1033 2863; x_wconf 83' lang='lat' dir='ltr'>finitam),</span> <span class='ocrx_word' id='word_1_247' title='bbox 1058 2786 1091 2840; x_wconf 89' lang='lat' dir='ltr'>et</span> 
     </span>
     <span class='ocr_line' id='line_1_31' title="bbox 77 2871 1130 2949; baseline -0.006 -14"><span class='ocrx_word' id='word_1_248' title='bbox 77 2872 239 2949; x_wconf 75' lang='lat' dir='ltr'>accipimus</span> <span class='ocrx_word' id='word_1_249' title='bbox 262 2871 483 2947; x_wconf 82' lang='lat' dir='ltr'>dimensionem,</span> <span class='ocrx_word' id='word_1_250' title='bbox 506 2891 563 2947; x_wconf 89' lang='lat' dir='ltr'>que</span> <span class='ocrx_word' id='word_1_251' title='bbox 587 2876 632 2931; x_wconf 88' lang='lat' dir='ltr'>est</span> <span class='ocrx_word' id='word_1_252' title='bbox 654 2874 733 2932; x_wconf 86' lang='lat' dir='ltr'>inter</span> <span class='ocrx_word' id='word_1_253' title='bbox 756 2892 798 2932; x_wconf 82' lang='lat' dir='ltr'>ee.</span> <span class='ocrx_word' id='word_1_254' title='bbox 835 2873 900 2932; x_wconf 90' lang='lat' dir='ltr'>Hoo</span> <span class='ocrx_word' id='word_1_255' title='bbox 919 2874 944 2931; x_wconf 88' lang='lat' dir='ltr'>si</span> <span class='ocrx_word' id='word_1_256' title='bbox 961 2872 1091 2948; x_wconf 85' lang='lat' dir='ltr'>positum</span> <span class='ocrx_word' id='word_1_257' title='bbox 1104 2891 1130 2930; x_wconf 83' lang='lat' dir='ltr'>so</span> 
     </span>
     <span class='ocr_line' id='line_1_32' title="bbox 78 2960 1090 3037; baseline -0.003 -16"><span class='ocrx_word' id='word_1_258' title='bbox 78 2965 165 3036; x_wconf 87' lang='lat' dir='ltr'>esset,</span> <span class='ocrx_word' id='word_1_259' title='bbox 187 2961 298 3019; x_wconf 84' lang='lat' dir='ltr'>lineam</span> <span class='ocrx_word' id='word_1_260' title='bbox 320 2979 380 3019; x_wconf 93' lang='lat' dir='ltr'>non</span> <span class='ocrx_word' id='word_1_261' title='bbox 404 2979 466 3019; x_wconf 86' lang='lat' dir='ltr'>esse</span> <span class='ocrx_word' id='word_1_262' title='bbox 488 2960 566 3019; x_wconf 87' lang='lat' dir='ltr'>inter</span> <span class='ocrx_word' id='word_1_263' title='bbox 589 2980 632 3037; x_wconf 86' lang='lat' dir='ltr'>ea,</span> <span class='ocrx_word' id='word_1_264' title='bbox 657 2962 713 3020; x_wconf 89' lang='lat' dir='ltr'>erit</span> <span class='ocrx_word' id='word_1_265' title='bbox 734 2962 788 3020; x_wconf 84' lang='lat' dir='ltr'>ille</span> <span class='ocrx_word' id='word_1_266' title='bbox 811 2962 953 3020; x_wconf 89' lang='lat' dir='ltr'>dimensio</span> <span class='ocrx_word' id='word_1_267' title='bbox 978 2960 1090 3036; x_wconf 83' lang='lat' dir='ltr'>equalis</span> 
     </span>
     <span class='ocr_line' id='line_1_33' title="bbox 76 3049 1090 3127; baseline -0.006 -15"><span class='ocrx_word' id='word_1_268' title='bbox 76 3053 166 3126; x_wconf 82' lang='lat' dir='ltr'>line&#39;e,</span> <span class='ocrx_word' id='word_1_269' title='bbox 190 3051 273 3110; x_wconf 89' lang='lat' dir='ltr'>ouius</span> <span class='ocrx_word' id='word_1_270' title='bbox 296 3049 350 3108; x_wconf 87' lang='lat' dir='ltr'>illa</span> <span class='ocrx_word' id='word_1_271' title='bbox 371 3051 486 3127; x_wconf 80' lang='lat' dir='ltr'>puncta</span> <span class='ocrx_word' id='word_1_272' title='bbox 508 3052 579 3108; x_wconf 91' lang='lat' dir='ltr'>sunt</span> <span class='ocrx_word' id='word_1_273' title='bbox 602 3051 811 3109; x_wconf 80' lang='lat' dir='ltr'>extremitates.</span> <span class='ocrx_word' id='word_1_274' title='bbox 832 3071 835 3078; x_wconf 94' lang='lat'>·</span> <span class='ocrx_word' id='word_1_275' title='bbox 854 3050 886 3109; x_wconf 81' lang='lat' dir='ltr'>Si</span> <span class='ocrx_word' id='word_1_276' title='bbox 905 3051 983 3109; x_wconf 91' lang='lat' dir='ltr'>enim</span> <span class='ocrx_word' id='word_1_277' title='bbox 1001 3050 1090 3109; x_wconf 86' lang='lat' dir='ltr'>velle-</span> 
     </span>
     <span class='ocr_line' id='line_1_34' title="bbox 75 3139 1091 3215; baseline -0.003 -16"><span class='ocrx_word' id='word_1_278' title='bbox 75 3158 143 3199; x_wconf 91' lang='lat' dir='ltr'>mus</span> <span class='ocrx_word' id='word_1_279' title='bbox 161 3157 332 3197; x_wconf 84' lang='lat' dir='ltr'>mensurere</span> <span class='ocrx_word' id='word_1_280' title='bbox 351 3139 556 3213; x_wconf 85' lang='lat' dir='ltr'>dimensiones,</span> <span class='ocrx_word' id='word_1_281' title='bbox 574 3159 632 3214; x_wconf 93' lang='lat' dir='ltr'>que</span> <span class='ocrx_word' id='word_1_282' title='bbox 651 3142 722 3198; x_wconf 86' lang='lat' dir='ltr'>sunt</span> <span class='ocrx_word' id='word_1_283' title='bbox 737 3140 814 3198; x_wconf 88' lang='lat' dir='ltr'>inter</span> <span class='ocrx_word' id='word_1_284' title='bbox 832 3140 960 3215; x_wconf 83' lang='lat' dir='ltr'>quedem</span> <span class='ocrx_word' id='word_1_285' title='bbox 978 3142 1091 3215; x_wconf 81' lang='lat' dir='ltr'>puncto</span> 
     </span>
     <span class='ocr_line' id='line_1_35' title="bbox 76 3228 1090 3305; baseline -0.005 -16"><span class='ocrx_word' id='word_1_286' title='bbox 76 3233 108 3289; x_wconf 90' lang='lat' dir='ltr'>et</span> <span class='ocrx_word' id='word_1_287' title='bbox 132 3228 207 3304; x_wconf 83' lang='lat' dir='ltr'>elie,</span> <span class='ocrx_word' id='word_1_288' title='bbox 234 3247 302 3286; x_wconf 87' lang='lat' dir='ltr'>oum</span> <span class='ocrx_word' id='word_1_289' title='bbox 324 3228 404 3286; x_wconf 82' lang='lat' dir='ltr'>linea</span> <span class='ocrx_word' id='word_1_290' title='bbox 426 3246 644 3303; x_wconf 88' lang='lat' dir='ltr'>mensuremus,</span> <span class='ocrx_word' id='word_1_291' title='bbox 672 3247 740 3286; x_wconf 89' lang='lat' dir='ltr'>oum</span> <span class='ocrx_word' id='word_1_292' title='bbox 761 3228 890 3288; x_wconf 84' lang='lat' dir='ltr'>breviori</span> <span class='ocrx_word' id='word_1_293' title='bbox 913 3229 1004 3305; x_wconf 84' lang='lat' dir='ltr'>linea,</span> <span class='ocrx_word' id='word_1_294' title='bbox 1032 3246 1090 3302; x_wconf 90' lang='lat' dir='ltr'>que</span> 
     </span>
     <span class='ocr_line' id='line_1_36' title="bbox 77 3316 1130 3396; baseline -0.002 -20"><span class='ocrx_word' id='word_1_295' title='bbox 77 3321 124 3377; x_wconf 89' lang='lat' dir='ltr'>est</span> <span class='ocrx_word' id='word_1_296' title='bbox 145 3317 264 3376; x_wconf 81' lang='lat' dir='ltr'>brevior</span> <span class='ocrx_word' id='word_1_297' title='bbox 285 3316 350 3394; x_wconf 84' lang='lat' dir='ltr'>viis,</span> <span class='ocrx_word' id='word_1_298' title='bbox 374 3335 433 3392; x_wconf 92' lang='lat' dir='ltr'>que</span> <span class='ocrx_word' id='word_1_299' title='bbox 456 3320 525 3375; x_wconf 90' lang='lat' dir='ltr'>sunt</span> <span class='ocrx_word' id='word_1_300' title='bbox 548 3318 625 3375; x_wconf 88' lang='lat' dir='ltr'>inter</span> <span class='ocrx_word' id='word_1_301' title='bbox 647 3336 694 3376; x_wconf 90' lang='lat' dir='ltr'>res</span> <span class='ocrx_word' id='word_1_302' title='bbox 717 3321 879 3396; x_wconf 79' lang='lat' dir='ltr'>separatos,</span> <span class='ocrx_word' id='word_1_303' title='bbox 907 3337 1003 3395; x_wconf 88' lang='lat' dir='ltr'>neque</span> <span class='ocrx_word' id='word_1_304' title='bbox 1030 3336 1089 3374; x_wconf 91' lang='lat' dir='ltr'>me·</span> <span class='ocrx_word' id='word_1_305' title='bbox 1104 3333 1130 3376; x_wconf 82' lang='lat' dir='ltr'>es</span> 
     </span>
    </p>
   </div>
   <div class='ocr_carea' id='block_1_3' title="bbox 111 3464 593 3576">
    <p class='ocr_par' dir='ltr' id='par_1_6' title="bbox 111 3464 593 3576">
     <span class='ocr_line' id='line_1_37' title="bbox 111 3464 593 3576; baseline 0 -16"><span class='ocrx_word' id='word_1_306' title='bbox 111 3513 115 3521; x_wconf 84' lang='lat'><em>&#39;</em></span> <span class='ocrx_word' id='word_1_307' title='bbox 150 3507 177 3576; x_wconf 91' lang='lat'>1)</span> <span class='ocrx_word' id='word_1_308' title='bbox 196 3464 393 3559; x_wconf 61' lang='lat' dir='ltr'>Axni1rsns¹=</span> <span class='ocrx_word' id='word_1_309' title='bbox 409 3503 593 3562; x_wconf 78' lang='lat' dir='ltr'>Ancnnrnnns.</span> 
     </span>
    </p>
   </div>
   <div class='ocr_carea' id='block_1_4' title="bbox 0 0 1209 3848">
    <p class='ocr_par' dir='ltr' id='par_1_7' title="bbox 0 0 1209 3848">
     <span class='ocr_line' id='line_1_38' title="bbox 0 0 1209 3848; baseline 0 0"><span class='ocrx_word' id='word_1_310' title='bbox 0 0 1209 3848; x_wconf 95' lang='lat' dir='ltr'> </span> 
     </span>
    </p>
   </div>
  </div>
 </body>
</html>
