2408 3854
391 157 441 212 AD
460 157 778 214 rocameltim
1021 157 1086 222 303

73 325 242 401 superficies
265 327 401 386 medialis
425 329 455 385 et
477 327 557 386 linea
579 326 723 386 medialis.
768 325 862 386 Linea
885 327 963 385 enim
979 328 1086 402 potens

73 433 165 490 supra
189 433 254 474 eam
275 408 302 473 ai
326 419 403 475 esset
424 416 590 492 rationalis,
613 419 691 476 eaeet
712 415 894 492 quadratum
915 416 977 474 eiua
996 416 1086 474 ratio-

72 505 155 580 nale,
183 507 214 562 et
240 508 319 565 esset
344 503 512 581 superficies
539 507 579 579 tp
600 505 715 580 equalis
739 504 885 580 quadrato
907 505 971 563 eius
993 504 1087 562 ratio-

73 594 161 652 nalis.
207 592 266 651 Sed
288 595 350 652 iam
370 596 524 653 osanam
545 597 601 668 est„
623 593 705 669 quod
725 594 793 670 ipsa
814 597 862 652 est
883 593 980 652 surda.
1017 592 1087 651 Non

462 701 533 760 ergo
556 686 682 742 vocatur
703 683 745 757 ty
765 683 915 758 medialis,
938 683 997 742 nisi
1015 681 1087 757 quia
1114 692 1127 733 ⁵

205 779 220 817 ὅ
463 770 501 830 ab
528 771 592 831 eiua
619 771 855 832 extremitatibus
884 771 1087 848 producuntur

464 877 513 935 ca,
540 859 647 936 quibus
674 860 741 936 ipsa
767 864 813 920 est
838 860 945 920 media.
1001 858 1087 928 Quod

400 976 420 1030 d
463 949 529 1008 ideo
552 951 611 1024 est,
636 950 777 1025 quoniam
798 949 908 1008 faciam
929 967 1022 1025 supra
1042 967 1087 1022 cy

406 1061 409 1149 p
464 1037 644 1114 quadratum
673 1055 726 1112 pr,
757 1039 788 1096 et
818 1056 912 1114 supra
939 1039 983 1098 ab
1012 1055 1085 1113 qua·

463 1127 582 1185 dratuun
614 1129 670 1202 bri,
706 1129 736 1185 ct
765 1127 919 1203 complebo
949 1126 1085 1204 liguum
1100 1139 1126 1178 ro

463 1215 620 1291 Propertio
639 1216 732 1294 igitur
749 1217 795 1275 cd
816 1215 856 1274 ad
879 1234 920 1290 ap
941 1219 987 1275 eet
1008 1216 1087 1275 sicut

462 1306 616 1381 proportio
640 1306 682 1364 ba
703 1305 743 1362 ad
760 1314 808 1364 aa.
851 1303 910 1362 sed
931 1305 1085 1380 proportio

464 1395 507 1452 ad
529 1393 568 1452 ad
585 1412 628 1468 cp
652 1396 698 1452 est
714 1393 793 1452 sicut
805 1394 964 1470 vproportio
983 1412 1085 1468 super-

91 1475 214 1545 -t
461 1482 539 1541 ficiei
561 1484 603 1541 dt
625 1483 665 1541 ad
688 1481 874 1557 superficiem
892 1484 945 1557 tq,
968 1484 999 1541 et
1018 1500 1086 1557 pro-

461 1572 560 1646 portio
577 1573 621 1630 ta
644 1571 682 1630 ad
701 1589 742 1630 cr
764 1573 810 1630 est
833 1570 910 1630 sicut
930 1571 1084 1647 proportio
1099 1582 1125 1622 1⁵

72 1660 238 1736 superficiei
251 1662 291 1734 tp
310 1659 349 1718 ad
366 1659 552 1735 superficiem
563 1678 616 1734 oe:
635 1678 705 1738 ergo
724 1659 892 1736 superficies
909 1661 965 1734 db,
980 1661 1033 1734 eq,
1044 1676 1085 1732 pe

72 1753 143 1810 suut
159 1749 299 1808 continue
318 1749 478 1808 secundum
495 1749 717 1825 proportionem
735 1767 835 1807 unam.
871 1748 1084 1824 Multiplicatio

72 1858 143 1916 ergo
152 1839 249 1913 prime
263 1839 295 1895 in
308 1837 431 1896 tertiam
443 1841 490 1896 cat
503 1839 617 1913 equalis
630 1837 877 1914 multiplicationi
889 1837 986 1896 medie
999 1837 1031 1894 in
1044 1855 1085 1912 se,

73 1947 132 2003 que
156 1930 201 1986 est
222 1928 271 2002 ty.
309 1926 486 2002 Superficies
508 1945 578 1986 vero
603 1929 646 1986 td
664 1930 695 1985 et
710 1945 750 2001 91
768 1930 840 1986 sunt
858 1927 917 1985 duo
937 1926 1085 2002 quadrata

72 2018 116 2075 at
137 2019 170 2074 et
190 2034 247 2092 ay,
268 2018 302 2074 et
323 2017 365 2074 ab
387 2018 418 2074 et
439 2033 483 2089 aq
503 2019 574 2074 sunt
596 2017 628 2074 in
650 2016 786 2092 potentia
810 2016 985 2076 rationales:
1013 2034 1084 2092 ergo
1099 2025 1130 2066 2⁰·

72 2107 116 2164 dt
144 2111 175 2164 et
198 2123 238 2179 pr
264 2107 337 2164 eunt
357 2105 530 2164 rationales.
576 2104 662 2173 Quod
685 2125 756 2182 crgo
779 2107 962 2182 aggregatur
985 2123 1021 2163 er
1041 2105 1085 2163 db

73 2196 106 2251 in
131 2211 171 2267 pe
199 2197 244 2252 est
274 2193 428 2252 rationale.
478 2190 537 2251 Sed
564 2193 648 2251 radix
678 2194 740 2252 eius
768 2197 814 2252 eat
839 2192 1008 2268 superficies
1037 2194 1084 2267 tp,

74 2302 145 2360 ergo
178 2284 216 2356 ty
247 2285 294 2341 est
313 2283 401 2341 radix
430 2281 601 2355 rationalis3
633 2284 664 2340 et
698 2282 836 2341 similiter
866 2283 947 2340 linea
978 2285 1084 2357 potens

73 2370 164 2446 supra
185 2371 372 2446 superficiem
388 2373 435 2430 ert
452 2365 558 2448 <radix
576 2367 705 2447 radicis>
722 2369 888 2430 rationalis.
924 2370 990 2428 Iam
1012 2365 1086 2447 ergo

72 2460 266 2518 manifestum
293 2462 397 2518 estex
417 2478 467 2534 eo,
491 2459 570 2535 quod
594 2461 638 2517 est
661 2460 856 2535 declaratum,
879 2459 959 2534 quod
980 2477 1083 2534 super·
1098 2467 1124 2508 2⁵

73 2549 154 2608 ficies
172 2548 309 2607 medialis
328 2551 373 2607 est
390 2549 475 2606 radix
493 2548 657 2623 rationalia,
680 2550 711 2606 et
728 2549 807 2606 linea
824 2549 932 2624 potens
949 2542 1084 2626 (supra)

73 2637 258 2713 superficiem
279 2637 437 2696 medialem
460 2640 505 2696 est
527 2637 612 2696 radix
634 2636 741 2696 radicis
763 2637 933 2711 rationalia
955 2640 986 2696 et
1008 2636 1084 2695 illud

73 2731 132 2801 est,
153 2726 236 2802 quod
258 2725 460 2786 demonstrare
483 2726 640 2785 voluimus.

164 2813 239 2874 (lum
266 2834 336 2875 vero
362 2814 449 2874 dicit:
476 2818 572 2890 „tres
595 2812 790 2874 mediales“
812 2815 891 2889 vult,
914 2817 950 2873 at
972 2815 1082 2873 intelli·

73 2907 174 2981 gatar,
193 2904 272 2980 quod
289 2903 385 2962 omnis
403 2903 572 2979 superficies
592 2906 722 2980 quatuor
739 2903 850 2963 habens
868 2903 964 2962 latera
983 2903 1082 2962 ortho·
1096 2914 1123 2953 ³⁰

73 2994 165 3070 genia
185 2993 294 3051 calens
316 2993 477 3052 interduo
501 2992 649 3067 quadrata
672 2997 702 3051 et
724 2992 898 3052 continuata
915 2993 1082 3068 proportio-

71 3083 183 3140 naliter
205 3082 284 3140 inter
300 3081 469 3157 superficies
486 3084 613 3141 vocatur
630 3080 775 3157 medialis,
793 3082 935 3157 quoniam
953 3082 1019 3157 ipsa
1035 3084 1084 3140 eet

72 3170 171 3229 media
194 3171 226 3228 in
247 3171 438 3246 proportione
461 3170 621 3230 interduo
647 3170 807 3246 quadrata,
830 3171 891 3229 sive
914 3170 1081 3248 superficies

72 3260 114 3318 sit
141 3260 310 3336 rationalia,
335 3261 399 3319 aire
427 3259 467 3318 sit
490 3259 588 3318 surda.
634 3259 705 3318 'fria
726 3259 867 3318 medialia
889 3263 990 3318 autem
1012 3263 1083 3318 sunt

145 3471 257 3519 14-15.
282 3463 363 3530 Quod
380 3464 523 3535 proportio
542 3466 588 3521 ba.
616 3496 652 3506 -
680 3469 721 3519 1⁷.
743 3461 951 3532 Multiplicabo.
977 3495 1011 3503 -
1040 3469 1076 3514 ta

70 3553 137 3591 vero
157 3539 204 3608 dy.
224 3569 258 3576 -
277 3541 319 3591 31.
339 3535 526 3594 continuatur.
