2408 3848
98 192 163 257 230
387 192 552 246 ANARITH
569 190 825 246 COMMENTARII

98 361 249 437 speciebus
273 361 344 436 eius,
368 364 398 419 et
416 361 448 419 in
466 361 583 420 residuo
603 364 633 419 et
652 360 803 436 speciebus
822 361 893 419 eius.
931 360 975 418 Et
998 361 1111 418 etiam

98 451 316 527 ostenditur,
340 450 501 526 qualiter
523 450 757 508 inveniantur
779 450 845 507 due
869 449 964 507 linae
987 449 1024 507 in
1046 469 1108 524 po-

97 539 215 597 tentia
242 534 437 616 <tantum>
465 539 680 616 rationaleS,
715 557 862 614 quarum
889 538 1032 614 longior
1060 539 1110 596 sit

97 630 225 703 potens
253 646 361 703 supra
388 627 590 686 breviorem
618 646 695 686 cum
722 630 914 704 augmento
937 627 1109 702 quadrati

71 716 292 776 sexistentis
319 717 356 774 in
383 717 481 775 linea
508 716 673 776 seiuncta
701 716 771 774 sibi
800 717 836 774 in
863 716 1109 792 longitudine,

97 806 257 864 secundum
283 805 418 880 modum,
451 805 504 881 qui
529 806 679 881 precessit.
734 805 776 862 Et
801 805 857 864 hoc
881 807 938 879 est,
967 805 1131 880 quoniam,

65 948 68 958 ,
96 913 206 970 ponam
224 896 264 953 de
285 894 465 953 rationalem
487 895 519 951 in
541 894 677 970 potentia
700 897 827 968 tantum,
851 896 881 951 et
903 912 1041 951 numeros
1065 896 1109 952 ab

98 985 128 1040 et
151 985 199 1058 by,
222 1002 349 1058 quorum
371 983 470 1042 nullus
494 983 534 1042 sit
556 983 729 1059 quadratus
775 982 916 1042 Probatio
941 989 1041 1040 autem
1064 982 1108 1057 fit,

6 1086 8 1092 ⁴
97 1071 257 1130 secundum
279 1072 359 1147 quod
381 1073 535 1148 precessit,
564 1075 594 1130 et
616 1072 693 1130 illud
717 1075 777 1146 est,
800 1072 879 1147 quod
904 1071 1108 1129 demonstrare

57 1173 83 1212 1⁰
97 1161 252 1220 voluimus.

184 1250 318 1327 Figura
336 1249 505 1309 vicesime
523 1249 649 1324 tercie,
669 1248 740 1324 quia
754 1248 927 1307 Aunmrms
942 1248 1110 1307 introduxit

98 1338 226 1414 quedam
248 1338 280 1396 in
302 1357 346 1414 ea,
370 1339 476 1414 quibus
500 1337 620 1414 quidam
644 1337 836 1412 contradixit,
859 1337 1110 1413 interponitur

96 1427 173 1486 hoc:
213 1425 333 1486 Omnis
365 1427 583 1504 superficies
615 1429 794 1486 rectorum
827 1427 1041 1503 angulorum
1074 1431 1110 1485 et

97 1516 233 1575 duabus
274 1517 383 1575 lineis
424 1516 641 1575 medialibus
682 1516 718 1573 in
758 1515 925 1590 potentia
965 1518 1111 1573 tantum

57 1600 495 1683 15<communicantibus>
527 1607 699 1663 contenta
731 1607 794 1663 aut
827 1607 880 1662 est
911 1604 1109 1663 rationalis

98 1698 160 1753 aut
182 1687 390 1774 medialis.1)

186 1782 232 1841 Sit
255 1801 325 1860 ergo
349 1782 516 1857 superficies
536 1783 577 1855 by
599 1784 748 1840 rectorum
771 1781 950 1858 angulorum
969 1784 1110 1841 contenta

97 1889 115 1928 a
138 1871 251 1929 duabus
279 1872 365 1928 lineis
388 1872 429 1929 ab
458 1873 488 1928 et
511 1889 565 1945 oq,
598 1889 656 1946 que
684 1871 744 1928 sint
771 1870 912 1928 mediales
935 1865 1007 1948 <et>
1031 1889 1110 1929 com-

96 1959 280 2018 municantes
308 1960 340 2016 in
358 1960 493 2034 potentia
511 1961 642 2017 tantum:
675 1959 739 2017 dico
763 1958 870 2035 igitur,
899 1959 979 2036 quod
1006 1978 1110 2034 super·

56 2058 83 2099 2⁰
96 2046 176 2106 ficies
200 2049 240 2121 bp
268 2050 320 2105 aut
348 2050 393 2105 est
415 2048 572 2106 rationalis
600 2051 654 2106 aut
676 2047 819 2106 medialis.
869 2047 1012 2107 Probatio
1037 2049 1110 2122 eiuS,

97 2137 238 2212 quoniam
266 2137 446 2195 constituam
476 2155 566 2212 supra
593 2155 835 2212 unamquamque
863 2136 988 2195 duarum
1015 2137 1110 2195 linea·

95 2245 162 2298 rum
180 2227 223 2284 ob
247 2228 277 2283 ot
296 2244 338 2299 oq
361 2226 549 2301 quadratum,
572 2225 670 2302 sitque
688 2245 781 2283 unum
800 2227 844 2283 bd
867 2229 897 2284 et
916 2227 1044 2283 alterum
1060 2245 1110 2300 pe,

96 2317 127 2372 et
153 2333 263 2390 ponam
290 2314 400 2372 lineam
422 2316 461 2374 ba
489 2315 667 2373 rationalem
694 2315 726 2372 in
748 2314 949 2390 longitudine,
981 2309 1053 2392 <et>
1082 2315 1111 2373 ei

97 2402 258 2480 adiungam
286 2403 471 2479 superficiem
497 2407 645 2462 rectorum
671 2403 851 2480 angulorum
875 2403 1011 2479 equalem
1035 2423 1108 2478 qua-

55 2503 82 2543 25
96 2490 183 2551 drato
202 2494 251 2567 bu,
275 2512 332 2568 que
355 2493 395 2551 sit
419 2492 586 2568 superficies
605 2497 645 2567 at,
668 2487 741 2570 <et>
760 2491 920 2570 adiungam
939 2492 978 2550 ad
998 2491 1110 2550 lineam

96 2581 129 2639 tle
152 2581 336 2656 superficiem
354 2583 387 2638 bl
410 2582 546 2657 equalem
569 2581 736 2656 superficiei
755 2582 802 2656 bp,
827 2583 857 2638 et
880 2580 919 2637 ad
936 2581 1047 2638 lineam
1065 2582 1111 2639 lm

96 2669 281 2745 superficiem
300 2670 438 2745 equalem
450 2665 641 2748 (quadrato)
653 2687 700 2744 pc,
724 2689 781 2745 que
805 2669 845 2727 sit
863 2669 1031 2746 superficies
1045 2689 1109 2728 me.

96 2759 136 2816 Et
160 2759 229 2834 quia
257 2751 398 2818 lineata
426 2762 471 2817 est
499 2759 663 2818 rationalis
683 2759 715 2815 in
741 2757 942 2834 longitudine,
976 2759 1032 2817 erit
1058 2759 1109 2816 ad-

95 2847 229 2906 iunctum
260 2848 400 2922 mediale,
432 2848 512 2923 quod
539 2851 585 2906 est
612 2847 717 2922 equale
750 2847 865 2905 duabus
901 2847 1110 2924 superficiebus

56 2947 82 2988 ³⁰
96 2937 150 3010 bd,
171 2955 210 3010 qe
232 2936 407 2995 medialibus
430 2936 729 3011 communicantibus,
749 2942 810 3011 'que
833 2938 903 2994 sunt
926 2936 982 2994 due
1006 2955 1106 3012 super-

94 3024 176 3084 ficies
194 3030 233 3100 at,
251 3044 319 3083 ma:
343 3044 413 3101 ergo
432 3027 490 3084 erit
507 3044 684 3102 unaqueque
703 3025 830 3083 duarum
848 3025 995 3083 linearum
1013 3027 1056 3099 bt,
1071 3027 1108 3083 la

95 3114 251 3174 rationalis
269 3114 463 3190 inpotentia,
484 3114 564 3190 quod
582 3116 624 3173 sic
643 3133 705 3173 esso
724 3116 842 3173 constat
860 3115 1020 3172 secundum
1038 3132 1107 3190 pro-

95 3202 246 3263 bationem
264 3202 359 3280 figure
379 3205 482 3262 octave
501 3203 612 3262 decime
630 3204 718 3262 huius
736 3202 839 3278 partis.
877 3203 918 3262 Et
936 3205 1007 3279 quia
1025 3203 1107 3262 linea

167 3395 191 3444 2.
211 3389 357 3458 equaliter.
377 3421 411 3430 -
431 3394 472 3444 28.
492 3391 532 3445 bt.
552 3422 587 3430 -
606 3395 649 3444 29.
668 3388 802 3461 mediale]
822 3405 911 3444 omne.

52 3588 149 3630 ι
167 3569 193 3630 1)
211 3567 289 3622 Haec
308 3569 351 3621 est
365 3566 428 3636 ipsa
441 3566 596 3636 propositio
611 3566 645 3635 X,
656 3573 689 3620 23
705 3566 826 3621 Oaurmu
839 3567 996 3638 (Hammon
1011 3566 1044 3636 X,
1056 3569 1101 3634 25)
