2408 3848
122 153 187 218 286
409 153 574 208 ANARITII
594 152 850 208 COMMENTARII

188 322 381 380 Multarum
404 323 582 379 linearum
605 322 829 381 antecedens.

188 405 1145 491 Omnesduelineeinlongitudino<communicantes>

121 503 203 557 sunt
217 499 516 558 communicantes
529 500 565 556 in
579 501 752 574 potentia.
785 498 853 557 Sint
866 518 886 557 a
900 502 929 556 et
944 501 1143 559 boommnni·

119 592 219 646 cantes
243 589 275 645 in
297 588 496 665 longitudine:
519 587 585 646 dico
608 589 709 665 igitur,
731 588 811 662 quod
832 589 895 663 ipse
914 591 1143 649 communicant

93 678 150 734 sin
173 678 317 752 potentia,
341 678 420 751 quod
443 678 485 735 sic
508 677 667 754 colligitur.
710 676 756 734 Sit
778 676 946 752 superficies
965 678 1003 736 ot
1022 679 1142 754 equalis

119 765 284 841 superficiei
307 785 326 824 a
349 767 380 823 in
404 767 429 840 b,
453 770 483 824 et
506 767 546 825 sit
567 766 648 824 linea
666 767 705 825 cd
724 767 837 841 equalis
856 766 933 824 linee
952 785 981 840 o,
1006 770 1039 825 et
1055 767 1142 826 linea

120 859 150 912 ct
181 855 293 929 equalis
324 855 402 913 linee
435 857 459 914 l).
510 854 696 914 Constituam
728 858 827 913 autem
860 872 949 930 supra
978 856 1019 913 eol
1049 860 1081 915 et
1111 861 1142 914 ct

119 943 177 1001 duo
206 943 352 1018 quadrata
377 945 424 1019 ld,
448 949 492 1018 tq:
525 963 595 1020 ergo
618 944 648 1002 le

77 1081 79 1086 .
119 1036 164 1090 est
186 1033 301 1107 equalis
324 1051 356 1107 o,
385 1036 415 1090 et
439 1038 469 1091 ct
494 1037 538 1091 est
561 1051 649 1108 equa·
715 1024 872 1097 „49
904 1096 906 1101 y
1009 1043 1028 1078 a

80 1135 105 1174 io
118 1121 155 1179 lis
180 1123 204 1179 b.
256 1120 313 1180 Sed
342 1122 371 1180 el
398 1123 596 1180 communicat
619 1125 650 1179 et
907 1095 911 1132 ¹

118 1210 149 1266 in
172 1210 366 1287 longitudine,
390 1214 420 1270 et
440 1211 594 1286 proportio
618 1210 648 1268 lc

118 1299 156 1357 ad
172 1304 202 1357 et
219 1303 264 1358 est
282 1301 359 1358 sicut
372 1301 526 1375 proportio
546 1318 647 1374 super·
692 1334 847 1382 t„—

117 1387 194 1446 ficiei
209 1390 243 1447 ld
257 1389 295 1446 ad
310 1388 495 1464 superficiem
509 1389 557 1447 td:
576 1407 646 1464 ergo

117 1477 285 1552 superficies
297 1479 331 1536 ld
341 1478 540 1535 communicat
548 1495 648 1551 super-

79 1579 104 1618 15
118 1566 195 1625 ficiei
214 1567 256 1624 td.
294 1566 352 1624 Sed
375 1567 528 1641 proportio
548 1567 587 1624 de
610 1564 648 1622 ad

119 1673 155 1730 ep
183 1657 228 1714 est
258 1655 336 1714 sicut
363 1655 517 1730 proportio
546 1660 646 1728 super-

116 1744 191 1804 ficiei
216 1745 252 1801 ot
276 1743 314 1800 ad
338 1742 520 1817 superficiem
544 1746 588 1816 tp,
618 1744 648 1799 et

118 1835 156 1890 ed
188 1832 386 1890 communicat
417 1849 453 1903 ep
489 1832 520 1887 in
551 1831 647 1906 longi-

54 1931 59 1942 ·
115 1920 230 1978 tudine:
254 1938 323 1995 ergo
338 1920 373 1977 to
391 1920 590 1978 communicat
603 1924 643 1992 tp.

75 2023 101 2062 ao
115 2010 195 2085 Ergo
218 2026 393 2083 unaqueque
414 2006 543 2065 duarum
565 2007 786 2083 superficierum
806 2013 849 2083 pt,
872 2009 907 2067 ld
930 2011 1141 2069 communicat

115 2095 280 2172 superficiei
297 2097 344 2154 ot:
369 2115 438 2173 ergo
456 2096 513 2155 due
532 2096 698 2171 superficies
717 2099 752 2156 ld
771 2101 800 2156 et
819 2102 851 2172 tp
874 2099 943 2154 sunt
965 2101 1139 2157 communi-

115 2190 224 2245 cantes
271 2183 328 2244 Sed
351 2185 408 2244 due
431 2185 600 2262 superficies
624 2187 671 2261 ld,
698 2191 732 2260 tp
754 2189 823 2245 sunt
845 2185 978 2262 potentie
1002 2184 1139 2247 duarum

114 2276 259 2334 linearum
283 2294 302 2334 o
326 2279 355 2334 et
373 2277 402 2333 d:
431 2294 500 2352 ergo
524 2295 544 2334 o
567 2277 631 2333 etb
655 2279 724 2334 sunt
747 2276 996 2334 communicantes
1020 2275 1055 2332 in
1081 2297 1138 2352 po·

114 2365 222 2438 sentia,
246 2368 276 2422 et
298 2363 372 2421 illud
396 2367 449 2438 est,
472 2365 552 2440 quod
574 2365 776 2424 demonstrare
798 2364 956 2423 voluimus.

74 2466 101 2506 aa
181 2452 406 2512 Antecedens
429 2453 622 2512 multarum
644 2455 854 2530 figurarum.

181 2542 275 2601 Duos
298 2560 476 2616 numeros,
500 2561 647 2617 quorum
670 2543 776 2600 unius
801 2541 842 2600 ad
867 2542 1021 2600 alterum
1046 2561 1135 2616 pro-

113 2632 234 2706 portio
258 2650 326 2688 non
350 2633 399 2690 sit
422 2632 516 2689 sicut
539 2630 708 2706 quadrati
726 2631 862 2688 numeri
881 2629 924 2687 ad
942 2649 1136 2691 numerum

115 2719 342 2794 quadratum,
374 2721 544 2778 invenire.
594 2719 635 2778 Et
664 2720 743 2793 dico,
775 2718 867 2794 quod:
901 2717 1026 2778 Omnes
1057 2721 1132 2780 duo

113 2810 251 2866 numeri
284 2809 538 2883 superficiales
571 2808 690 2866 altera
721 2811 824 2884 parte
853 2808 1053 2884 longiores,
1091 2830 1133 2868 ex

74 2898 218 2955 munius
255 2915 402 2972 quorum
438 2897 474 2954 in
510 2897 663 2955 alterum
698 2897 1011 2972 multiplicatione
1044 2917 1132 2972 pro-

112 2986 238 3045 veniat
260 2985 475 3060 quadratuS,
496 2989 581 3044 sunt
604 2985 755 3060 similes,
779 2987 813 3044 et
832 2985 932 3044 addit
950 2985 1045 3043 inter
1067 3007 1130 3046 eos

112 3094 291 3150 numerus,
315 3078 349 3133 et
372 3075 631 3133 continuantur
647 3075 990 3150 proportionaliter,
1015 3078 1050 3132 et
1070 3079 1129 3136 est

112 3165 217 3222 unius
241 3183 359 3222 eorum
381 3163 423 3222 ad
442 3164 594 3222 alterum
612 3165 801 3240 proportio
821 3163 915 3222 siout
931 3167 1130 3238 proportio

112 3253 249 3311 numeri
281 3252 453 3327 quadrati
481 3253 523 3310 ad
551 3271 734 3311 numerum
762 3252 986 3328 quadratum.
1031 3251 1129 3312 Verbi

71 3353 97 3393 ³5
111 3343 211 3418 gratia
241 3360 351 3417 ponam
379 3344 508 3416 quatuor
535 3360 673 3400 numeros
700 3341 951 3418 proportionales,
983 3342 1035 3416 qui
1064 3344 1130 3403 sint

181 3534 294 3584 30-31.
313 3526 472 3600 proveniat]
490 3530 627 3597 provetat.
