2408 3848
113 173 177 238 288
400 172 566 226 ANARITH
584 170 840 227 COMMENTARII

114 342 153 401 sit
181 341 357 416 quadratus,
384 340 443 399 duo
472 339 670 416 superficiales
697 358 757 398 non
785 343 854 398 sunt
877 340 1000 414 similes,
1029 360 1129 416 neque

113 430 194 490 cadit
215 430 294 488 inter
317 448 365 488 eos
388 447 535 504 numerus,
559 448 655 504 neque
678 432 724 486 est
742 429 895 503 proportio
914 430 1003 487 unius
1023 448 1129 488 eorum

115 520 152 577 ad
175 519 302 578 alterum
325 518 403 577 sicut
425 518 578 592 proportio
602 517 717 575 numeri
740 517 881 592 quadrati
904 518 942 575 ad
965 537 1130 576 numerum

114 608 302 684 quadratum.
352 606 469 664 Horum
500 609 602 664 autem
634 624 835 680 numerorum,
868 606 920 681 qui
949 610 1019 665 sunt
1046 607 1130 666 inter

87 710 250 754 onumeros
274 695 435 771 quadratos
456 695 594 754 continue
614 695 774 754 secundum
793 696 962 753 naturalem
981 696 1129 771 ordinem,

114 803 214 845 omnes
246 785 304 844 duo
337 786 406 842 sunt
433 783 527 842 surde.
577 785 618 842 Et
644 784 670 842 si
695 802 772 841 unus
800 802 900 842 eorum
929 784 967 842 ad
995 785 1129 843 alterum

112 873 341 949 multiplicetur,
369 872 562 947 superficialis
589 871 763 948 proveniens
787 872 845 930 erit
867 892 926 932 non
951 874 1129 948 quadratuS‚

113 981 209 1037 neque
237 961 294 1020 erit
320 961 409 1020 unius
437 979 539 1019 eorum
566 961 604 1020 ad
628 961 755 1018 alterum
777 961 931 1036 proportio
955 961 1034 1020 sicut
1056 983 1129 1039 pro-

112 1051 211 1126 portio
234 1050 350 1108 numeri
373 1050 512 1125 quadrati
535 1050 751 1107 adnumerum
774 1050 963 1124 quadratum.
1009 1051 1045 1108 In
1070 1052 1129 1110 hoc

74 1155 100 1194 ro
114 1140 202 1198 etiam
232 1159 320 1215 opere
347 1139 462 1197 intrant
490 1139 548 1196 duo
576 1138 704 1212 numeri,
732 1157 859 1213 quorum
881 1158 956 1197 unus
981 1142 1026 1199 est
1050 1160 1128 1215 qua·

113 1228 215 1287 dratus
239 1231 269 1287 et
291 1229 368 1286 alter
390 1228 502 1286 surdus.
544 1226 601 1296 Qui
623 1227 702 1286 enim
723 1227 759 1285 fit
781 1247 816 1285 ex
840 1228 986 1303 quadrato
1009 1229 1041 1286 in
1060 1248 1127 1288 sur-

113 1317 191 1392 dum,
214 1317 320 1376 surdus
344 1319 396 1375 est.
444 1315 533 1375 ouius
556 1317 735 1391 exemplum:
759 1314 842 1385 Quod
863 1317 889 1374 si
907 1317 1032 1375 dicimus
1051 1338 1127 1393 qua-

112 1414 181 1465 tuor
205 1410 234 1464 et
257 1406 403 1482 quinque,
426 1405 601 1480 diceremus,
624 1405 703 1480 quod
725 1405 810 1463 radix
834 1409 974 1480 quatuor,
997 1426 1055 1481 que
1081 1412 1128 1465 est

113 1495 180 1570 duo,
204 1497 249 1554 est
271 1495 524 1554 incommunicans
547 1494 640 1553 radici
663 1494 802 1569 quinque,
825 1494 966 1568 quoniam
989 1514 1024 1552 ex
1046 1497 1127 1553 mul-

74 1597 99 1638 15
112 1584 298 1660 tiplicatione
325 1583 434 1641 binarii
461 1585 492 1640 in
515 1583 646 1658 quinque
668 1582 703 1641 fit
726 1582 839 1657 decem,
866 1583 918 1658 qui
941 1586 986 1641 est
1008 1584 1127 1644 surdus.

112 1673 165 1731 Hii
188 1692 257 1751 ergo
280 1667 393 1750 <sunt>
415 1671 539 1746 numeri,
562 1671 614 1746 qui
636 1667 710 1747 (in)
728 1671 825 1748 figura
843 1672 999 1729 undecima
1016 1672 1128 1731 decimi

112 1763 207 1837 partis
240 1763 431 1819 assumuntur
463 1762 493 1817 et
520 1757 595 1837 <in>
622 1759 739 1835 figuris,
771 1779 827 1834 que
855 1763 926 1818 sunt
952 1762 1021 1835 post
1048 1780 1126 1820 eam.

112 1851 174 1908 Nos
198 1854 298 1908 autem
320 1849 356 1906 de
378 1849 434 1906 hoc
455 1848 574 1906 brevius
592 1848 749 1923 loquimur.
789 1848 877 1906 Nunc
895 1849 1024 1907 dicemus
1044 1869 1127 1929 ergo,

113 1938 206 2012 quod:
230 1935 391 1996 Omnium
414 1936 562 1994 duorum
584 1956 822 2011 numerorum,
845 1956 884 1995 ex
907 1938 1012 1996 unius
1037 1959 1127 2014 quo-

75 2042 101 2081 no
114 2046 190 2084 rum
226 2027 262 2082 in
299 2026 452 2083 alterum
487 2025 800 2101 multiplicatione
832 2029 894 2086 aut
925 2027 1029 2085 unius
1062 2048 1127 2102 per

112 2115 264 2173 alterum
287 2113 467 2173 divisione
489 2114 657 2190 provenit
679 2109 887 2191 <numerus>
910 2116 1127 2193 quadratus,

110 2203 216 2261 unius
249 2203 291 2261 ad
324 2202 478 2261 alterum
509 2203 698 2279 proportio
727 2207 781 2263 est
808 2203 904 2262 sicut
930 2207 1124 2280 proportio

111 2292 247 2350 numeri
284 2291 457 2367 quadrati
493 2291 535 2349 ad
572 2311 755 2350 numerum
791 2292 1015 2367 quadratum.
1076 2295 1126 2354 Et

112 2381 264 2439 omnium
300 2381 448 2440 duorum
483 2399 719 2456 numerorum,
757 2400 796 2439 ex
831 2381 938 2439 unius
971 2401 1125 2457 quorum

71 2483 97 2523 25
111 2469 147 2527 in
171 2470 326 2528 alterum
348 2470 661 2545 multiplicatione
681 2472 743 2528 aut
760 2470 865 2528 unius
884 2490 947 2545 per
965 2472 1125 2531 alterum

112 2558 288 2618 divisione
318 2553 321 2636 Ι
351 2558 519 2634 provenit
541 2576 706 2616 numerus
729 2576 797 2615 non
816 2559 1027 2634 quadram,
1051 2580 1124 2620 non
1145 2570 1176 2616 61

112 2650 165 2706 est
196 2648 301 2705 unius
334 2647 376 2704 ad
408 2649 563 2706 alterum
594 2647 782 2723 proportio
810 2647 905 2706 sicut
930 2652 1124 2724 proportio

110 2736 247 2794 numeri
271 2736 440 2812 quadrati
463 2736 703 2794 adnumerum
722 2736 945 2811 quadratum.
987 2738 1027 2796 Et
1045 2737 1125 2797 illud

111 2827 169 2899 cst,
192 2825 271 2900 quod
294 2825 494 2884 demonstrare
517 2824 673 2883 voluimus.

71 2929 97 2967 ao
200 2912 364 2982 Qualiter
400 2913 629 2990 superficies,
666 2932 731 2989 que
764 2931 781 2970 a
813 2913 910 2972 linea
941 2915 1124 2975 rationali

111 3002 317 3062 continetur
344 3005 379 3061 et
406 3002 447 3061 ab
472 3020 686 3078 unoquoque
708 3002 949 3062 binomiorum
972 3006 1006 3062 ct
1028 3006 1123 3063 resi·

111 3091 270 3167 duorum,
308 3091 529 3166 inveniatur,
566 3091 819 3165 demonstrare,
878 3090 964 3161 Quod
1001 3093 1125 3168 quidem

111 3181 242 3239 omnium
268 3180 580 3239 incommunicantium
603 3183 647 3239 est
670 3181 856 3258 aggregatio,
884 3200 979 3256 neque
1002 3184 1047 3240 est
1070 3203 1124 3242 ne-

110 3287 202 3346 cesse,
234 3271 374 3344 cuiusque
401 3269 496 3346 figure
523 3287 598 3345 opus
625 3269 657 3327 in
684 3287 736 3328 suo
764 3267 860 3327 dicere
888 3270 1032 3346 capitu103
1065 3272 1125 3331 hoc

181 3480 223 3528 20.
242 3471 564 3542 multiplicationem-
584 3479 625 3527 21.
641 3471 815 3528 divisionem.
830 3505 866 3514 —
884 3479 925 3529 26.
942 3473 1120 3533 divisionem.

109 3575 145 3587 -
162 3560 293 3600 numerus
311 3560 426 3599 numero
445 3545 607 3613 quadratus.
