2408 3848
11 567 29 614 7

206 541 413 646 {morsis
443 544 689 620 uxsosirro
716 546 939 619 nunnius

283 662 316 742 n
338 661 593 742 ruinosum
613 660 860 743 dissonum

245 791 558 867 ononimus
593 793 902 886 <nucinum

154 975 239 1034 Dixit
261 970 433 1034 Eruimus:
456 974 601 1033 Proetum
620 979 667 1054 est,
687 975 763 1047 quod
775 979 891 1048 portem
908 978 1075 1036 nonhabet.

156 1062 254 1140 Supra
276 1063 332 1122 hoo
355 1057 430 1121 diris
453 1055 728 1144 smnnromsl):
756 1062 906 1123 Punctum
929 1069 973 1124 est
995 1065 1075 1142 prin·
1103 1087 1116 1126 5

62 1152 180 1228 eipium
203 1151 419 1228 quantitatum,
448 1155 478 1210 ot
500 1151 579 1209 unde
602 1155 769 1228 suguntur,
796 1155 827 1209 et
854 1153 952 1228 ipsum
980 1155 1076 1214 solum

64 1245 124 1318 est,
144 1242 225 1317 quod
247 1256 307 1300 non
329 1233 482 1316 dividitur,
504 1239 615 1299 habens
638 1239 737 1298 situm.
785 1239 859 1299 Oum
882 1261 953 1319 ergo
975 1243 1006 1300 in
1029 1245 1077 1302 sui

63 1329 240 1389 habitudine
263 1329 355 1388 fuerit
377 1329 495 1388 firmum
518 1333 548 1388 et
570 1331 675 1404 postes
692 1329 815 1405 motum,
839 1347 873 1388 uo
896 1331 921 1388 si
939 1348 958 1388 u
980 1332 1075 1406 primo

62 1419 129 1478 situ
156 1419 194 1478 sd
221 1419 314 1478 ulium
340 1419 431 1477 situm
457 1418 599 1478 volociter
621 1417 797 1493 cucurrerit,
823 1419 961 1493 provenit
984 1439 1019 1478 ex
1042 1438 1076 1480 eo

63 1520 129 1566 uns
146 1510 266 1567 tentum
283 1507 425 1567 dimensio
445 1509 475 1565 et
493 1507 540 1565 sui
558 1524 660 1565 oursus
679 1507 833 1582 quantitas
851 1507 964 1566 habens
984 1526 1077 1566 unum
1091 1531 1117 1568 10

64 1597 287 1657 dimensionem,
336 1595 413 1664 eris
440 1589 519 1653 enim
546 1595 645 1671 ipsum
672 1614 732 1654 non
755 1595 899 1672 dimittat,
927 1615 987 1656 non
1008 1615 1075 1672 pro·

64 1685 150 1744 venit
171 1689 243 1744 tuno
261 1685 319 1744 nisi
337 1703 373 1742 ex
391 1704 425 1744 eo
444 1703 505 1742 una
522 1687 643 1743 tantum
665 1684 816 1760 dimensio,
841 1700 901 1761 qus
918 1688 963 1744 est
980 1686 1075 1763 longi·

63 1774 141 1833 tudo
155 1776 282 1832 tentum.
318 1773 413 1832 Linea
432 1791 552 1848 quoque
571 1788 639 1831 oum
657 1790 687 1831 se
701 1774 835 1849 moverit,
855 1775 880 1832 si
899 1774 962 1833 eius
976 1778 1076 1834 motus

64 1879 194 1938 sequens
219 1865 335 1922 motum
361 1861 481 1938 puncti,
511 1861 632 1938 augebit
660 1861 753 1920 solum
781 1863 827 1920 sui
858 1863 1077 1940 longitudinem

63 1954 194 2011 tuntum.
244 1951 340 2010 Linee
364 1951 443 2010 enim
469 1961 529 2010 non
555 1949 590 2008 fit
616 1948 674 2009 nisi
706 1968 741 2007 er
767 1954 851 2010 motu
877 1953 989 2026 puncti.
1045 1951 1077 2009 Si
1091 1971 1117 2011 15

63 2041 168 2099 autem
194 2040 274 2098 linea
300 2040 332 2098 in
359 2049 390 2098 se
418 2040 484 2115 ipss
505 2041 675 2114 moventur,
703 2041 733 2097 et
760 2039 796 2097 do
819 2058 873 2099 suo
896 2041 992 2116 primo
1015 2041 1077 2099 situ

63 2129 106 2187 ad
128 2129 221 2187 elium
246 2123 377 2204 primum
404 2128 495 2187 situm
521 2128 614 2186 fuerit
640 2130 735 2202 mota,
763 2128 871 2186 aooidit
898 2149 933 2186 ox
956 2147 1010 2188 sun
1032 2149 1076 2187 re·

63 2217 197 2276 motione
221 2217 281 2276 niis
308 2217 463 2292 dimensio,
492 2235 554 2293 que
573 2222 698 2276 vocetur
719 2216 861 2292 latitudo,
886 2220 916 2275 et
938 2217 1077 2293 provenit

61 2318 103 2364 ex
131 2324 165 2364 ea
193 2305 346 2382 quantitas
373 2305 483 2365 hebens
516 2306 589 2364 dues
620 2305 828 2381 dimensiones,
862 2322 920 2381 que
952 2309 1077 2366 vocatur

62 2394 248 2471 superficies,
277 2415 312 2455 oo
340 2395 420 2470 quod
442 2395 520 2454 sieut
542 2394 629 2469 illud,
659 2393 739 2470 quod
766 2397 837 2452 sunt
866 2413 1004 2470 corpore,
1032 2398 1077 2454 ost
1092 2415 1117 2454 so

63 2494 242 2559 expensum,
271 2488 301 2543 et
327 2483 404 2542 illud
431 2487 487 2559 est,
516 2483 597 2559 quod
624 2481 795 2559 corporibus
819 2479 907 2562 (est)
930 2485 1075 2542 naturale.

65 2569 242 2647 Superfieies
279 2590 349 2650 ergo
386 2572 411 2632 si
446 2575 603 2632 moveatur
637 2571 714 2630 lineo
747 2588 871 2648 sequens
906 2572 1076 2647 motionem,

65 2661 189 2738 augebit
212 2681 243 2721 se
266 2663 360 2722 solum
377 2664 503 2720 tuntum.
551 2660 582 2719 Si
601 2663 701 2719 nutem
718 2663 784 2720 tote
801 2664 959 2720 moveatur
982 2679 1000 2718 a
1023 2679 1076 2721 suo

65 2749 163 2825 primo
182 2750 243 2809 situ
262 2751 411 2809 edulium
430 2750 529 2823 situm,
548 2750 686 2825 provenit
704 2749 794 2808 etium
813 2749 955 2810 dimensio
974 2750 1075 2825 toreis,

67 2842 274 2914 queruntur
296 2839 496 2916 profunditas,
520 2842 550 2897 et
572 2837 606 2896 fit
630 2857 664 2896 ex
688 2857 722 2897 oa
745 2856 863 2914 eorpus,
888 2838 980 2914 quod,
1010 2857 1076 2898 oum
1091 2858 1116 2897 25

65 2926 108 2986 sit
129 2930 191 2986 tros
212 2928 323 2987 habens
347 2929 550 3003 dimensiones,
574 2926 707 3002 undique
730 2928 975 3002 asuperfioiobus
999 2946 1075 2988 com·

66 3016 269 3092 prehenditur.

139 3208 181 3258 nr.
200 3203 344 3276 naturaie]
359 3204 408 3259 n’r.
428 3235 464 3244 -
482 3208 523 3257 23.
544 3205 632 3257 tensa.
683 3183 687 3193 '

138 3384 168 3452 li
183 3380 379 3436 Smu'monms
391 3380 596 3436 =Smrn1crus

110 3478 205 3541 ¹(iomm.
218 3481 248 3521 sd
260 3481 348 3523 Euoiid
362 3483 395 3524 ed.
412 3481 523 3527 Ourtze.
