<?xml version="1.0" encoding="UTF-8"?>
<!DOCTYPE html PUBLIC "-//W3C//DTD XHTML 1.0 Transitional//EN"
    "http://www.w3.org/TR/xhtml1/DTD/xhtml1-transitional.dtd">
<html xmlns="http://www.w3.org/1999/xhtml" xml:lang="en" lang="en">
 <head>
  <title>
</title>
<meta http-equiv="Content-Type" content="text/html;charset=utf-8" />
  <meta name='ocr-system' content='tesseract 3.04.00' />
  <meta name='ocr-capabilities' content='ocr_page ocr_carea ocr_par ocr_line ocrx_word'/>
</head>
<body>
  <div class='ocr_page' id='page_1' title='image "./euclidisoperaom18unkngoog/euclidisoperaom18unkngoog_0397.png"; bbox 0 0 2408 3848; ppageno 0'>
   <div class='ocr_carea' id='block_1_1' title="bbox 109 151 837 220">
    <p class='ocr_par' dir='ltr' id='par_1_1' title="bbox 109 151 837 220">
     <span class='ocr_line' id='line_1_1' title="bbox 109 151 837 220; baseline -0.001 -13"><span class='ocrx_word' id='word_1_1' title='bbox 109 155 175 220; x_wconf 86' lang='lat'><strong>360</strong></span> <span class='ocrx_word' id='word_1_2' title='bbox 396 153 562 209; x_wconf 79' lang='lat' dir='ltr'><strong>muamu</strong></span> <span class='ocrx_word' id='word_1_3' title='bbox 580 151 837 207; x_wconf 76' lang='lat' dir='ltr'><strong>comesurum</strong></span> 
     </span>
    </p>
   </div>
   <div class='ocr_carea' id='block_1_2' title="bbox 72 321 1164 2088">
    <p class='ocr_par' dir='ltr' id='par_1_2' title="bbox 108 321 1121 667">
     <span class='ocr_line' id='line_1_2' title="bbox 110 321 1121 400; baseline -0.001 -18"><span class='ocrx_word' id='word_1_4' title='bbox 110 323 226 400; x_wconf 80' lang='lat' dir='ltr'><strong>equalis</strong></span> <span class='ocrx_word' id='word_1_5' title='bbox 249 323 394 399; x_wconf 88' lang='lat' dir='ltr'><strong>quadrato</strong></span> <span class='ocrx_word' id='word_1_6' title='bbox 411 323 536 382; x_wconf 92' lang='lat' dir='ltr'><strong>binomii</strong></span> <span class='ocrx_word' id='word_1_7' title='bbox 554 322 730 400; x_wconf 84' lang='lat' dir='ltr'><strong>adiungitur</strong></span> <span class='ocrx_word' id='word_1_8' title='bbox 748 321 787 380; x_wconf 86' lang='lat' dir='ltr'><strong>ad</strong></span> <span class='ocrx_word' id='word_1_9' title='bbox 804 321 917 379; x_wconf 89' lang='lat' dir='ltr'><strong>lineam</strong></span> <span class='ocrx_word' id='word_1_10' title='bbox 934 321 1121 398; x_wconf 79' lang='lat' dir='ltr'><strong>rationalem,</strong></span> 
     </span>
     <span class='ocr_line' id='line_1_3' title="bbox 108 409 1120 487; baseline 0 -17"><span class='ocrx_word' id='word_1_11' title='bbox 108 412 143 470; x_wconf 93' lang='lat' dir='ltr'><strong>fit</strong></span> <span class='ocrx_word' id='word_1_12' title='bbox 169 413 249 471; x_wconf 87' lang='lat' dir='ltr'><strong>latus</strong></span> <span class='ocrx_word' id='word_1_13' title='bbox 277 413 341 471; x_wconf 89' lang='lat' dir='ltr'><strong>eius</strong></span> <span class='ocrx_word' id='word_1_14' title='bbox 369 412 528 471; x_wconf 92' lang='lat' dir='ltr'><strong>secundum</strong></span> <span class='ocrx_word' id='word_1_15' title='bbox 553 412 720 470; x_wconf 87' lang='lat' dir='ltr'><strong>binomium</strong></span> <span class='ocrx_word' id='word_1_16' title='bbox 746 409 890 486; x_wconf 90' lang='lat' dir='ltr'><strong>primum,</strong></span> <span class='ocrx_word' id='word_1_17' title='bbox 918 412 949 468; x_wconf 87' lang='lat' dir='ltr'><strong>et</strong></span> <span class='ocrx_word' id='word_1_18' title='bbox 976 410 1120 487; x_wconf 88' lang='lat' dir='ltr'><strong>similiter,</strong></span> 
     </span>
     <span class='ocr_line' id='line_1_4' title="bbox 109 500 1121 577; baseline 0 -17"><span class='ocrx_word' id='word_1_19' title='bbox 109 520 176 560; x_wconf 92' lang='lat' dir='ltr'><strong>cum</strong></span> <span class='ocrx_word' id='word_1_20' title='bbox 190 501 364 577; x_wconf 83' lang='lat' dir='ltr'><strong>superficies</strong></span> <span class='ocrx_word' id='word_1_21' title='bbox 383 501 498 576; x_wconf 78' lang='lat' dir='ltr'><strong>equalis</strong></span> <span class='ocrx_word' id='word_1_22' title='bbox 517 500 671 576; x_wconf 82' lang='lat' dir='ltr'><strong>quadratis</strong></span> <span class='ocrx_word' id='word_1_23' title='bbox 690 500 857 574; x_wconf 86' lang='lat' dir='ltr'><strong>surdarum,</strong></span> <span class='ocrx_word' id='word_1_24' title='bbox 881 519 939 575; x_wconf 92' lang='lat' dir='ltr'><strong>que</strong></span> <span class='ocrx_word' id='word_1_25' title='bbox 958 504 1121 575; x_wconf 84' lang='lat' dir='ltr'><strong>sequuntur</strong></span> 
     </span>
     <span class='ocr_line' id='line_1_5' title="bbox 108 587 1121 667; baseline -0.001 -18"><span class='ocrx_word' id='word_1_26' title='bbox 108 590 287 665; x_wconf 89' lang='lat' dir='ltr'><strong>binomium,</strong></span> <span class='ocrx_word' id='word_1_27' title='bbox 314 589 353 648; x_wconf 91' lang='lat' dir='ltr'><strong>ad</strong></span> <span class='ocrx_word' id='word_1_28' title='bbox 380 589 596 667; x_wconf 78' lang='lat' dir='ltr'><strong>longitudinem</strong></span> <span class='ocrx_word' id='word_1_29' title='bbox 623 589 700 647; x_wconf 84' lang='lat' dir='ltr'><strong>linae</strong></span> <span class='ocrx_word' id='word_1_30' title='bbox 727 587 884 647; x_wconf 90' lang='lat' dir='ltr'><strong>rationalis</strong></span> <span class='ocrx_word' id='word_1_31' title='bbox 911 588 1121 666; x_wconf 82' lang='lat' dir='ltr'><strong>adiungantur,</strong></span> 
     </span>
    </p>

    <p class='ocr_par' dir='ltr' id='par_1_3' title="bbox 83 676 1164 1112">
     <span class='ocr_line' id='line_1_6' title="bbox 83 676 1122 754; baseline 0.006 -22"><span class='ocrx_word' id='word_1_32' title='bbox 83 679 144 738; x_wconf 79' lang='lat' dir='ltr'><strong>sfit</strong></span> <span class='ocrx_word' id='word_1_33' title='bbox 166 680 247 737; x_wconf 89' lang='lat' dir='ltr'><strong>latus</strong></span> <span class='ocrx_word' id='word_1_34' title='bbox 270 678 431 737; x_wconf 90' lang='lat' dir='ltr'><strong>secundum</strong></span> <span class='ocrx_word' id='word_1_35' title='bbox 454 678 597 754; x_wconf 91' lang='lat' dir='ltr'><strong>cuiusque</strong></span> <span class='ocrx_word' id='word_1_36' title='bbox 620 679 740 736; x_wconf 88' lang='lat' dir='ltr'><strong>illarum</strong></span> <span class='ocrx_word' id='word_1_37' title='bbox 762 676 998 754; x_wconf 86' lang='lat' dir='ltr'><strong>superficierum,</strong></span> <span class='ocrx_word' id='word_1_38' title='bbox 1022 697 1122 738; x_wconf 91' lang='lat' dir='ltr'><strong>seeun-</strong></span> 
     </span>
     <span class='ocr_line' id='line_1_7' title="bbox 110 766 1123 843; baseline -0.001 -17"><span class='ocrx_word' id='word_1_39' title='bbox 110 769 181 826; x_wconf 93' lang='lat' dir='ltr'><strong>dum</strong></span> <span class='ocrx_word' id='word_1_40' title='bbox 212 767 291 843; x_wconf 92' lang='lat' dir='ltr'><strong>quod</strong></span> <span class='ocrx_word' id='word_1_41' title='bbox 322 767 503 843; x_wconf 83' lang='lat' dir='ltr'><strong>prediximus</strong></span> <span class='ocrx_word' id='word_1_42' title='bbox 530 767 562 826; x_wconf 91' lang='lat' dir='ltr'><strong>in</strong></span> <span class='ocrx_word' id='word_1_43' title='bbox 588 766 828 843; x_wconf 75' lang='lat' dir='ltr'><strong>precedentibus,</strong></span> <span class='ocrx_word' id='word_1_44' title='bbox 859 766 1010 826; x_wconf 87' lang='lat' dir='ltr'><strong>diversum</strong></span> <span class='ocrx_word' id='word_1_45' title='bbox 1038 767 1123 826; x_wconf 88' lang='lat' dir='ltr'><strong>lateri</strong></span> 
     </span>
     <span class='ocr_line' id='line_1_8' title="bbox 111 855 1124 932; baseline -0.002 -16"><span class='ocrx_word' id='word_1_46' title='bbox 111 857 239 916; x_wconf 89' lang='lat' dir='ltr'><strong>secundo</strong></span> <span class='ocrx_word' id='word_1_47' title='bbox 259 856 332 930; x_wconf 91' lang='lat' dir='ltr'><strong>eius,</strong></span> <span class='ocrx_word' id='word_1_48' title='bbox 350 877 407 932; x_wconf 92' lang='lat' dir='ltr'><strong>que</strong></span> <span class='ocrx_word' id='word_1_49' title='bbox 426 860 555 932; x_wconf 86' lang='lat' dir='ltr'><strong>equatur</strong></span> <span class='ocrx_word' id='word_1_50' title='bbox 572 857 718 932; x_wconf 90' lang='lat' dir='ltr'><strong>quadrato</strong></span> <span class='ocrx_word' id='word_1_51' title='bbox 732 856 824 931; x_wconf 88' lang='lat' dir='ltr'><strong>illius,</strong></span> <span class='ocrx_word' id='word_1_52' title='bbox 843 859 873 914; x_wconf 90' lang='lat' dir='ltr'><strong>et</strong></span> <span class='ocrx_word' id='word_1_53' title='bbox 887 855 1124 915; x_wconf 87' lang='lat' dir='ltr'><strong>diversificantur</strong></span> 
     </span>
     <span class='ocr_line' id='line_1_9' title="bbox 111 940 1164 1023; baseline 0.003 -20"><span class='ocrx_word' id='word_1_54' title='bbox 111 945 262 1020; x_wconf 87' lang='lat' dir='ltr'><strong>adiuncta,</strong></span> <span class='ocrx_word' id='word_1_55' title='bbox 294 947 371 1004; x_wconf 90' lang='lat' dir='ltr'><strong>sicut</strong></span> <span class='ocrx_word' id='word_1_56' title='bbox 400 940 404 1023; x_wconf 82' lang='grc' dir='ltr'>Ι</span> <span class='ocrx_word' id='word_1_57' title='bbox 433 945 558 1004; x_wconf 90' lang='lat' dir='ltr'><strong>secunde</strong></span> <span class='ocrx_word' id='word_1_58' title='bbox 586 944 835 1019; x_wconf 84' lang='lat' dir='ltr'><strong>diversificantur,</strong></span> <span class='ocrx_word' id='word_1_59' title='bbox 866 963 934 1002; x_wconf 91' lang='lat' dir='ltr'><strong>cum</strong></span> <span class='ocrx_word' id='word_1_60' title='bbox 962 945 1124 1005; x_wconf 87' lang='lat' dir='ltr'><strong>secundum</strong></span> <span class='ocrx_word' id='word_1_61' title='bbox 1139 957 1164 1006; x_wconf 77' lang='lat' dir='ltr'><strong>lt</strong></span> 
     </span>
     <span class='ocr_line' id='line_1_10' title="bbox 111 1033 1124 1112; baseline -0.001 -19"><span class='ocrx_word' id='word_1_62' title='bbox 111 1034 339 1093; x_wconf 83' lang='lat' dir='ltr'><strong>continuitatem</strong></span> <span class='ocrx_word' id='word_1_63' title='bbox 371 1035 573 1112; x_wconf 86' lang='lat' dir='ltr'><strong>adiunguntur</strong></span> <span class='ocrx_word' id='word_1_64' title='bbox 604 1034 684 1092; x_wconf 90' lang='lat' dir='ltr'><strong>linea</strong></span> <span class='ocrx_word' id='word_1_65' title='bbox 714 1051 832 1109; x_wconf 89' lang='lat' dir='ltr'><strong>quoque</strong></span> <span class='ocrx_word' id='word_1_66' title='bbox 859 1033 991 1093; x_wconf 90' lang='lat' dir='ltr'><strong>binomia</strong></span> <span class='ocrx_word' id='word_1_67' title='bbox 1020 1033 1124 1110; x_wconf 91' lang='lat' dir='ltr'><strong>prima,</strong></span> 
     </span>
    </p>

    <p class='ocr_par' dir='ltr' id='par_1_4' title="bbox 72 1122 1126 1538">
     <span class='ocr_line' id='line_1_11' title="bbox 72 1122 1125 1199; baseline 0.006 -24"><span class='ocrx_word' id='word_1_68' title='bbox 72 1136 98 1176; x_wconf 72' lang='grc' dir='ltr'><strong>ιο</strong></span> <span class='ocrx_word' id='word_1_69' title='bbox 113 1126 143 1182; x_wconf 92' lang='lat' dir='ltr'><strong>et</strong></span> <span class='ocrx_word' id='word_1_70' title='bbox 166 1124 306 1199; x_wconf 88' lang='lat' dir='ltr'><strong>secunda,</strong></span> <span class='ocrx_word' id='word_1_71' title='bbox 335 1126 365 1181; x_wconf 92' lang='lat' dir='ltr'><strong>et</strong></span> <span class='ocrx_word' id='word_1_72' title='bbox 386 1124 493 1197; x_wconf 91' lang='lat' dir='ltr'><strong>tercia,</strong></span> <span class='ocrx_word' id='word_1_73' title='bbox 521 1125 550 1180; x_wconf 91' lang='lat' dir='ltr'><strong>et</strong></span> <span class='ocrx_word' id='word_1_74' title='bbox 573 1125 693 1198; x_wconf 88' lang='lat' dir='ltr'><strong>quarta,</strong></span> <span class='ocrx_word' id='word_1_75' title='bbox 722 1126 752 1180; x_wconf 88' lang='lat' dir='ltr'><strong>et</strong></span> <span class='ocrx_word' id='word_1_76' title='bbox 776 1122 893 1199; x_wconf 92' lang='lat' dir='ltr'><strong>quinta,</strong></span> <span class='ocrx_word' id='word_1_77' title='bbox 922 1125 1074 1199; x_wconf 87' lang='lat' dir='ltr'><strong>etsexta,</strong></span> <span class='ocrx_word' id='word_1_78' title='bbox 1097 1126 1125 1181; x_wconf 89' lang='lat' dir='ltr'><strong>et</strong></span> 
     </span>
     <span class='ocr_line' id='line_1_12' title="bbox 112 1210 1124 1288; baseline 0 -18"><span class='ocrx_word' id='word_1_79' title='bbox 112 1212 190 1270; x_wconf 90' lang='lat' dir='ltr'><strong>linee</strong></span> <span class='ocrx_word' id='word_1_80' title='bbox 213 1213 347 1287; x_wconf 90' lang='lat' dir='ltr'><strong>secunde,</strong></span> <span class='ocrx_word' id='word_1_81' title='bbox 371 1232 428 1288; x_wconf 89' lang='lat' dir='ltr'><strong>que</strong></span> <span class='ocrx_word' id='word_1_82' title='bbox 451 1230 502 1270; x_wconf 90' lang='lat' dir='ltr'><strong>eas</strong></span> <span class='ocrx_word' id='word_1_83' title='bbox 525 1214 689 1286; x_wconf 88' lang='lat' dir='ltr'><strong>sequuntur</strong></span> <span class='ocrx_word' id='word_1_84' title='bbox 710 1210 742 1268; x_wconf 90' lang='lat' dir='ltr'><strong>in</strong></span> <span class='ocrx_word' id='word_1_85' title='bbox 760 1210 886 1271; x_wconf 89' lang='lat' dir='ltr'><strong>termino</strong></span> <span class='ocrx_word' id='word_1_86' title='bbox 905 1211 1055 1286; x_wconf 88' lang='lat' dir='ltr'><strong>medialis,</strong></span> <span class='ocrx_word' id='word_1_87' title='bbox 1077 1231 1124 1270; x_wconf 91' lang='lat' dir='ltr'><strong>ne·</strong></span> 
     </span>
     <span class='ocr_line' id='line_1_13' title="bbox 112 1299 1125 1377; baseline 0 -17"><span class='ocrx_word' id='word_1_88' title='bbox 112 1321 169 1377; x_wconf 89' lang='lat' dir='ltr'><strong>que</strong></span> <span class='ocrx_word' id='word_1_89' title='bbox 197 1301 255 1360; x_wconf 90' lang='lat' dir='ltr'><strong>alie</strong></span> <span class='ocrx_word' id='word_1_90' title='bbox 282 1301 313 1359; x_wconf 94' lang='lat' dir='ltr'><strong>in</strong></span> <span class='ocrx_word' id='word_1_91' title='bbox 340 1301 466 1360; x_wconf 90' lang='lat' dir='ltr'><strong>termino</strong></span> <span class='ocrx_word' id='word_1_92' title='bbox 495 1300 633 1375; x_wconf 71' lang='lat' dir='ltr'><strong>aliarum,</strong></span> <span class='ocrx_word' id='word_1_93' title='bbox 662 1303 692 1359; x_wconf 90' lang='lat' dir='ltr'><strong>et</strong></span> <span class='ocrx_word' id='word_1_94' title='bbox 718 1300 795 1358; x_wconf 88' lang='lat' dir='ltr'><strong>illud</strong></span> <span class='ocrx_word' id='word_1_95' title='bbox 818 1303 875 1375; x_wconf 88' lang='lat' dir='ltr'><strong>est,</strong></span> <span class='ocrx_word' id='word_1_96' title='bbox 903 1299 983 1376; x_wconf 93' lang='lat' dir='ltr'><strong>quod</strong></span> <span class='ocrx_word' id='word_1_97' title='bbox 1006 1301 1125 1360; x_wconf 89' lang='lat' dir='ltr'><strong>demon·</strong></span> 
     </span>
     <span class='ocr_line' id='line_1_14' title="bbox 112 1381 1126 1470; baseline -0.001 -21"><span class='ocrx_word' id='word_1_98' title='bbox 112 1393 206 1449; x_wconf 88' lang='lat' dir='ltr'><strong>strare</strong></span> <span class='ocrx_word' id='word_1_99' title='bbox 229 1391 388 1450; x_wconf 87' lang='lat' dir='ltr'><strong>voluimus.</strong></span> <span class='ocrx_word' id='word_1_100' title='bbox 435 1381 604 1470; x_wconf 82' lang='lat' dir='ltr'><strong>(Terminus</strong></span> <span class='ocrx_word' id='word_1_101' title='bbox 626 1389 679 1461; x_wconf 34' lang='lat' dir='ltr'><strong>hie,</strong></span> <span class='ocrx_word' id='word_1_102' title='bbox 697 1387 823 1448; x_wconf 83' lang='lat' dir='ltr'><strong>ubilibet</strong></span> <span class='ocrx_word' id='word_1_103' title='bbox 844 1389 1028 1467; x_wconf 82' lang='lat' dir='ltr'><strong>intelligitur</strong></span> <span class='ocrx_word' id='word_1_104' title='bbox 1050 1390 1126 1448; x_wconf 87' lang='lat' dir='ltr'><strong>diffi-</strong></span> 
     </span>
     <span class='ocr_line' id='line_1_15' title="bbox 111 1480 194 1538; baseline -0.012 0"><span class='ocrx_word' id='word_1_105' title='bbox 111 1480 194 1538; x_wconf 89' lang='lat' dir='ltr'><strong>nitio.</strong></span> 
     </span>
    </p>

    <p class='ocr_par' dir='ltr' id='par_1_5' title="bbox 72 1472 1128 1893">
     <span class='ocr_line' id='line_1_16' title="bbox 72 1472 1128 1643; baseline 0.006 -23"><span class='ocrx_word' id='word_1_106' title='bbox 72 1580 98 1620; x_wconf 79' lang='lat'><strong>15</strong></span> <span class='ocrx_word' id='word_1_107' title='bbox 196 1472 284 1627; x_wconf 57' lang='lat' dir='ltr'><strong>&gt;Cum</strong></span> <span class='ocrx_word' id='word_1_108' title='bbox 303 1587 343 1626; x_wconf 82' lang='lat' dir='ltr'><strong>ex</strong></span> <span class='ocrx_word' id='word_1_109' title='bbox 360 1568 458 1625; x_wconf 89' lang='lat' dir='ltr'><strong>linea</strong></span> <span class='ocrx_word' id='word_1_110' title='bbox 477 1569 667 1642; x_wconf 87' lang='lat' dir='ltr'><strong>separatur</strong></span> <span class='ocrx_word' id='word_1_111' title='bbox 684 1566 796 1643; x_wconf 89' lang='lat' dir='ltr'><strong>linea,</strong></span> <span class='ocrx_word' id='word_1_112' title='bbox 820 1567 940 1643; x_wconf 91' lang='lat' dir='ltr'><strong>quein</strong></span> <span class='ocrx_word' id='word_1_113' title='bbox 958 1568 1128 1642; x_wconf 86' lang='lat' dir='ltr'><strong>potentia</strong></span> 
     </span>
     <span class='ocr_line' id='line_1_17' title="bbox 112 1656 1128 1731; baseline -0.001 -15"><span class='ocrx_word' id='word_1_114' title='bbox 112 1661 253 1716; x_wconf 91' lang='lat' dir='ltr'><strong>tantum</strong></span> <span class='ocrx_word' id='word_1_115' title='bbox 285 1657 359 1715; x_wconf 92' lang='lat' dir='ltr'><strong>sint</strong></span> <span class='ocrx_word' id='word_1_116' title='bbox 385 1656 585 1714; x_wconf 85' lang='lat' dir='ltr'><strong>rationales</strong></span> <span class='ocrx_word' id='word_1_117' title='bbox 614 1659 649 1714; x_wconf 89' lang='lat' dir='ltr'><strong>et</strong></span> <span class='ocrx_word' id='word_1_118' title='bbox 678 1657 996 1731; x_wconf 84' lang='lat' dir='ltr'><strong>communicantes,</strong></span> <span class='ocrx_word' id='word_1_119' title='bbox 1029 1657 1128 1715; x_wconf 88' lang='lat' dir='ltr'><strong>linea</strong></span> 
     </span>
     <span class='ocr_line' id='line_1_18' title="bbox 112 1745 1128 1820; baseline 0 -16"><span class='ocrx_word' id='word_1_120' title='bbox 112 1764 297 1804; x_wconf 86' lang='lat' dir='ltr'><strong>remanens</strong></span> <span class='ocrx_word' id='word_1_121' title='bbox 330 1749 384 1804; x_wconf 88' lang='lat' dir='ltr'><strong>est</strong></span> <span class='ocrx_word' id='word_1_122' title='bbox 415 1745 536 1820; x_wconf 87' lang='lat' dir='ltr'><strong>surda,</strong></span> <span class='ocrx_word' id='word_1_123' title='bbox 574 1748 609 1803; x_wconf 88' lang='lat' dir='ltr'><strong>et</strong></span> <span class='ocrx_word' id='word_1_124' title='bbox 640 1745 776 1804; x_wconf 88' lang='lat' dir='ltr'><strong>dieitur</strong></span> <span class='ocrx_word' id='word_1_125' title='bbox 806 1745 991 1804; x_wconf 91' lang='lat' dir='ltr'><strong>residuum</strong></span> <span class='ocrx_word' id='word_1_126' title='bbox 1024 1745 1128 1804; x_wconf 92' lang='lat' dir='ltr'><strong>abso·</strong></span> 
     </span>
     <span class='ocr_line' id='line_1_19' title="bbox 112 1827 254 1893; baseline 0 -2"><span class='ocrx_word' id='word_1_127' title='bbox 112 1827 254 1893; x_wconf 86' lang='lat' dir='ltr'><strong>lutum.l</strong></span> 
     </span>
    </p>

    <p class='ocr_par' dir='ltr' id='par_1_6' title="bbox 73 1826 1132 2088">
     <span class='ocr_line' id='line_1_20' title="bbox 201 1826 1132 2000; baseline 0.002 -20"><span class='ocrx_word' id='word_1_128' title='bbox 201 1826 268 1980; x_wconf 72' lang='lat' dir='ltr'><strong>lani</strong></span> <span class='ocrx_word' id='word_1_129' title='bbox 303 1921 483 1979; x_wconf 90' lang='lat' dir='ltr'><strong>ostendimus</strong></span> <span class='ocrx_word' id='word_1_130' title='bbox 519 1920 552 1978; x_wconf 94' lang='lat' dir='ltr'><strong>in</strong></span> <span class='ocrx_word' id='word_1_131' title='bbox 587 1921 812 1996; x_wconf 89' lang='lat' dir='ltr'><strong>precedentibus</strong></span> <span class='ocrx_word' id='word_1_132' title='bbox 848 1921 951 2000; x_wconf 79' lang='lat' dir='ltr'><strong>figuris</strong></span> <span class='ocrx_word' id='word_1_133' title='bbox 985 1925 1132 2000; x_wconf 82' lang='lat' dir='ltr'><strong>exempla,</strong></span> 
     </span>
     <span class='ocr_line' id='line_1_21' title="bbox 73 2009 1132 2088; baseline 0.008 -25"><span class='ocrx_word' id='word_1_134' title='bbox 73 2024 100 2064; x_wconf 82' lang='lat' dir='ltr'><strong>ao</strong></span> <span class='ocrx_word' id='word_1_135' title='bbox 114 2030 171 2086; x_wconf 90' lang='lat' dir='ltr'><strong>que</strong></span> <span class='ocrx_word' id='word_1_136' title='bbox 204 2009 374 2088; x_wconf 86' lang='lat' dir='ltr'><strong>significant</strong></span> <span class='ocrx_word' id='word_1_137' title='bbox 405 2009 630 2085; x_wconf 90' lang='lat' dir='ltr'><strong>separationem.</strong></span> <span class='ocrx_word' id='word_1_138' title='bbox 680 2011 742 2070; x_wconf 88' lang='lat' dir='ltr'><strong>Nos</strong></span> <span class='ocrx_word' id='word_1_139' title='bbox 774 2014 875 2070; x_wconf 88' lang='lat' dir='ltr'><strong>tamen</strong></span> <span class='ocrx_word' id='word_1_140' title='bbox 906 2012 938 2069; x_wconf 93' lang='lat' dir='ltr'><strong>in</strong></span> <span class='ocrx_word' id='word_1_141' title='bbox 965 2012 1041 2072; x_wconf 88' lang='lat' dir='ltr'><strong>loeis</strong></span> <span class='ocrx_word' id='word_1_142' title='bbox 1071 2014 1132 2072; x_wconf 92' lang='lat' dir='ltr'><strong>suis</strong></span> 
     </span>
    </p>
   </div>
   <div class='ocr_carea' id='block_1_3' title="bbox 652 2164 904 2216">
    <p class='ocr_par' dir='ltr' id='par_1_7' title="bbox 652 2164 904 2216">
     <span class='ocr_line' id='line_1_22' title="bbox 652 2164 904 2216; baseline 0 0"><span class='ocrx_word' id='word_1_143' title='bbox 652 2179 665 2216; x_wconf 90' lang='lat' dir='ltr'><strong>e</strong></span> <span class='ocrx_word' id='word_1_144' title='bbox 886 2164 904 2216; x_wconf 87' lang='lat' dir='ltr'><strong>b</strong></span> 
     </span>
    </p>
   </div>
   <div class='ocr_carea' id='block_1_4' title="bbox 172 2414 589 2454">
    <p class='ocr_par' dir='ltr' id='par_1_8' title="bbox 172 2414 589 2454">
     <span class='ocr_line' id='line_1_23' title="bbox 172 2414 589 2454; baseline 0.002 -2"><span class='ocrx_word' id='word_1_145' title='bbox 172 2414 327 2453; x_wconf 64' lang='lat' dir='ltr'><strong>racematus</strong></span> <span class='ocrx_word' id='word_1_146' title='bbox 353 2415 589 2454; x_wconf 80' lang='lat' dir='ltr'><strong>residuumubsolutum</strong></span> 
     </span>
    </p>
   </div>
   <div class='ocr_carea' id='block_1_5' title="bbox 246 2679 1089 2765">
    <p class='ocr_par' dir='ltr' id='par_1_9' title="bbox 246 2679 1089 2765">
     <span class='ocr_line' id='line_1_24' title="bbox 246 2679 1089 2765; baseline 0.005 -34"><span class='ocrx_word' id='word_1_147' title='bbox 246 2679 331 2732; x_wconf 85' lang='lat' dir='ltr'><strong>rudiu</strong></span> <span class='ocrx_word' id='word_1_148' title='bbox 349 2680 453 2733; x_wconf 82' lang='lat' dir='ltr'><strong>radicis</strong></span> <span class='ocrx_word' id='word_1_149' title='bbox 471 2682 527 2732; x_wconf 79' lang='lat'><strong>108</strong></span> <span class='ocrx_word' id='word_1_150' title='bbox 875 2695 904 2765; x_wconf 57' lang='lat' dir='ltr'><strong>xz</strong></span> <span class='ocrx_word' id='word_1_151' title='bbox 1068 2683 1089 2735; x_wconf 85' lang='lat' dir='ltr'><strong>d</strong></span> 
     </span>
    </p>
   </div>
   <div class='ocr_carea' id='block_1_6' title="bbox 116 2827 1136 3083">
    <p class='ocr_par' dir='ltr' id='par_1_10' title="bbox 116 2827 1136 3083">
     <span class='ocr_line' id='line_1_25' title="bbox 116 2827 1135 2905; baseline 0.006 -20"><span class='ocrx_word' id='word_1_152' title='bbox 116 2827 383 2888; x_wconf 83' lang='lat' dir='ltr'><strong>demonstrabimus</strong></span> <span class='ocrx_word' id='word_1_153' title='bbox 415 2829 509 2887; x_wconf 89' lang='lat' dir='ltr'><strong>illum.</strong></span> <span class='ocrx_word' id='word_1_154' title='bbox 559 2829 658 2888; x_wconf 91' lang='lat' dir='ltr'><strong>Huius</strong></span> <span class='ocrx_word' id='word_1_155' title='bbox 690 2848 760 2888; x_wconf 87' lang='lat' dir='ltr'><strong>vero</strong></span> <span class='ocrx_word' id='word_1_156' title='bbox 791 2827 904 2888; x_wconf 91' lang='lat' dir='ltr'><strong>residui</strong></span> <span class='ocrx_word' id='word_1_157' title='bbox 935 2832 981 2888; x_wconf 91' lang='lat' dir='ltr'><strong>est</strong></span> <span class='ocrx_word' id='word_1_158' title='bbox 1012 2832 1135 2905; x_wconf 89' lang='lat' dir='ltr'><strong>paratio</strong></span> 
     </span>
     <span class='ocr_line' id='line_1_26' title="bbox 117 2915 1135 2997; baseline 0.006 -23"><span class='ocrx_word' id='word_1_159' title='bbox 117 2936 153 2974; x_wconf 84' lang='lat' dir='ltr'><strong>ex</strong></span> <span class='ocrx_word' id='word_1_160' title='bbox 179 2915 310 2976; x_wconf 90' lang='lat' dir='ltr'><strong>binomio</strong></span> <span class='ocrx_word' id='word_1_161' title='bbox 339 2918 483 2977; x_wconf 91' lang='lat' dir='ltr'><strong>absoluto.</strong></span> <span class='ocrx_word' id='word_1_162' title='bbox 528 2917 594 2976; x_wconf 90' lang='lat' dir='ltr'><strong>Iam</strong></span> <span class='ocrx_word' id='word_1_163' title='bbox 616 2917 803 2994; x_wconf 92' lang='lat' dir='ltr'><strong>premisimus</strong></span> <span class='ocrx_word' id='word_1_164' title='bbox 826 2918 857 2975; x_wconf 93' lang='lat' dir='ltr'><strong>in</strong></span> <span class='ocrx_word' id='word_1_165' title='bbox 880 2918 1135 2997; x_wconf 86' lang='lat' dir='ltr'><strong>antecedentibus,</strong></span> 
     </span>
     <span class='ocr_line' id='line_1_27' title="bbox 117 3005 1136 3083; baseline 0.005 -20"><span class='ocrx_word' id='word_1_166' title='bbox 117 3005 264 3082; x_wconf 91' lang='lat' dir='ltr'><strong>quomodo</strong></span> <span class='ocrx_word' id='word_1_167' title='bbox 298 3010 488 3083; x_wconf 88' lang='lat' dir='ltr'><strong>computatur</strong></span> <span class='ocrx_word' id='word_1_168' title='bbox 519 3007 750 3083; x_wconf 89' lang='lat' dir='ltr'><strong>unumquodque</strong></span> <span class='ocrx_word' id='word_1_169' title='bbox 782 3007 965 3066; x_wconf 89' lang='lat' dir='ltr'><strong>residuorum</strong></span> <span class='ocrx_word' id='word_1_170' title='bbox 996 3011 1026 3066; x_wconf 91' lang='lat' dir='ltr'><strong>et</strong></span> <span class='ocrx_word' id='word_1_171' title='bbox 1056 3008 1136 3068; x_wconf 90' lang='lat' dir='ltr'><strong>illud</strong></span> 
     </span>
    </p>
   </div>
   <div class='ocr_carea' id='block_1_7' title="bbox 189 3156 691 3213">
    <p class='ocr_par' dir='ltr' id='par_1_11' title="bbox 189 3156 691 3213">
     <span class='ocr_line' id='line_1_28' title="bbox 189 3156 691 3213; baseline 0.004 -3"><span class='ocrx_word' id='word_1_172' title='bbox 189 3162 230 3211; x_wconf 86' lang='grc'><strong>16.</strong></span> <span class='ocrx_word' id='word_1_173' title='bbox 249 3156 406 3213; x_wconf 87' lang='lat' dir='ltr'><strong>rationalis.</strong></span> <span class='ocrx_word' id='word_1_174' title='bbox 426 3190 460 3198; x_wconf 96' lang='lat'><strong>—</strong></span> <span class='ocrx_word' id='word_1_175' title='bbox 480 3164 521 3212; x_wconf 77' lang='lat'><strong>21.</strong></span> <span class='ocrx_word' id='word_1_176' title='bbox 541 3158 691 3212; x_wconf 90' lang='lat' dir='ltr'><strong>residuum.</strong></span> 
     </span>
    </p>
   </div>
   <div class='ocr_carea' id='block_1_8' title="bbox 117 3317 1138 3587">
    <p class='ocr_par' dir='ltr' id='par_1_12' title="bbox 117 3317 1138 3587">
     <span class='ocr_line' id='line_1_29' title="bbox 189 3317 1137 3388; baseline 0.007 -17"><span class='ocrx_word' id='word_1_177' title='bbox 189 3321 215 3388; x_wconf 88' lang='lat'><strong>1)</strong></span> <span class='ocrx_word' id='word_1_178' title='bbox 233 3318 364 3371; x_wconf 80' lang='lat' dir='ltr'><strong>Eucnmrs</strong></span> <span class='ocrx_word' id='word_1_179' title='bbox 383 3317 504 3372; x_wconf 71' lang='lat' dir='ltr'><strong>Caurum</strong></span> <span class='ocrx_word' id='word_1_180' title='bbox 521 3318 559 3387; x_wconf 87' lang='lat' dir='ltr'><strong>X,</strong></span> <span class='ocrx_word' id='word_1_181' title='bbox 580 3324 613 3374; x_wconf 89' lang='grc'><strong>68</strong></span> <span class='ocrx_word' id='word_1_182' title='bbox 637 3318 793 3388; x_wconf 73' lang='lat' dir='ltr'><strong>(Hammeum</strong></span> <span class='ocrx_word' id='word_1_183' title='bbox 811 3318 849 3388; x_wconf 88' lang='lat' dir='ltr'><strong>X,</strong></span> <span class='ocrx_word' id='word_1_184' title='bbox 870 3320 927 3388; x_wconf 78' lang='lat'><strong>73):</strong></span> <span class='ocrx_word' id='word_1_185' title='bbox 955 3318 987 3374; x_wconf 75' lang='lat' dir='ltr'><strong>Si</strong></span> <span class='ocrx_word' id='word_1_186' title='bbox 1005 3321 1084 3375; x_wconf 79' lang='lat' dir='ltr'><strong>liueu</strong></span> <span class='ocrx_word' id='word_1_187' title='bbox 1103 3323 1137 3379; x_wconf 84' lang='lat' dir='ltr'><strong>de</strong></span> 
     </span>
     <span class='ocr_line' id='line_1_30' title="bbox 117 3389 1138 3459; baseline 0.006 -16"><span class='ocrx_word' id='word_1_188' title='bbox 117 3389 191 3444; x_wconf 86' lang='lat' dir='ltr'><strong>liueu</strong></span> <span class='ocrx_word' id='word_1_189' title='bbox 205 3390 392 3456; x_wconf 65' lang='lat' dir='ltr'><strong>ubseiudutuu</strong></span> <span class='ocrx_word' id='word_1_190' title='bbox 405 3391 561 3459; x_wconf 73' lang='lat' dir='ltr'><strong>fuerintque</strong></span> <span class='ocrx_word' id='word_1_191' title='bbox 575 3393 651 3445; x_wconf 85' lang='lat' dir='ltr'><strong>erube</strong></span> <span class='ocrx_word' id='word_1_192' title='bbox 661 3391 848 3459; x_wconf 75' lang='lat' dir='ltr'><strong>potentialiter</strong></span> <span class='ocrx_word' id='word_1_193' title='bbox 860 3397 969 3446; x_wconf 86' lang='lat' dir='ltr'><strong>tautum</strong></span> <span class='ocrx_word' id='word_1_194' title='bbox 981 3393 1138 3449; x_wconf 81' lang='lat' dir='ltr'><strong>rutimiales</strong></span> 
     </span>
     <span class='ocr_line' id='line_1_31' title="bbox 117 3461 1138 3587; baseline 0.006 -73"><span class='ocrx_word' id='word_1_195' title='bbox 117 3461 356 3587; x_wconf 48' lang='lat' dir='ltr'><strong>{muniemus</strong></span> <span class='ocrx_word' id='word_1_196' title='bbox 378 3462 485 3531; x_wconf 83' lang='lat' dir='ltr'><strong>reliquo</strong></span> <span class='ocrx_word' id='word_1_197' title='bbox 508 3463 583 3518; x_wconf 84' lang='lat' dir='ltr'><strong>liueu</strong></span> <span class='ocrx_word' id='word_1_198' title='bbox 604 3463 656 3516; x_wconf 88' lang='lat' dir='ltr'><strong>erit</strong></span> <span class='ocrx_word' id='word_1_199' title='bbox 673 3463 861 3528; x_wconf 85' lang='lat' dir='ltr'><strong>irrutiouulis‚</strong></span> <span class='ocrx_word' id='word_1_200' title='bbox 885 3463 1043 3532; x_wconf 76' lang='lat' dir='ltr'><strong>diceturque</strong></span> <span class='ocrx_word' id='word_1_201' title='bbox 1066 3468 1138 3522; x_wconf 82' lang='lat' dir='ltr'><strong>resi-</strong></span> 
     </span>
    </p>
   </div>
   <div class='ocr_carea' id='block_1_9' title="bbox 0 0 1217 3848">
    <p class='ocr_par' dir='ltr' id='par_1_13' title="bbox 0 0 1217 3848">
     <span class='ocr_line' id='line_1_32' title="bbox 0 0 1217 3848; baseline 0 0"><span class='ocrx_word' id='word_1_202' title='bbox 0 0 1217 3848; x_wconf 95' lang='lat' dir='ltr'><strong> </strong></span> 
     </span>
    </p>
   </div>
  </div>
 </body>
</html>
