2408 3848
108 159 152 223 46
398 159 564 213 ANARITII
582 157 837 213 ΟΟΜΜΕΝΤΑΒΗ

109 329 262 405 triangulo
304 329 429 388 duomm
468 328 618 404 equalium
654 328 788 386 laterum.
857 327 971 385 Deinde
1011 345 1125 403 ponam

109 421 253 493 punctum
282 436 301 475 o
333 421 478 492 cerinum,
512 421 542 475 θῖ
574 437 640 475 oum
670 417 780 492 spatio,
813 416 892 492 quod
920 417 974 474 esi·
997 416 1078 475 inter
1105 436 1125 476 a
1165 441 1168 446 ·

110 509 140 564 θῖ
163 508 191 580 d,
215 506 379 565 describam
406 506 549 564 oiroulum
571 507 639 564 dez.
684 505 800 564 Ponam
823 505 915 564 eliam
937 508 1083 580 punctum
1107 507 1125 565 b

111 599 257 670 centrum,
287 598 316 653 θῖ
343 595 513 662 seeundum¹
533 591 677 670 spatium,
709 594 789 670 quod
816 597 861 654 θεῖ
887 595 966 653 inter
994 596 1010 654 b
1039 598 1071 654 θῖ
1095 613 1127 671 9,

82 684 329 743 seiroumduoam
370 683 514 742 circulum
547 701 615 758 gez.
684 683 719 740 In
765 683 991 743 oiroonferenlia
1027 684 1129 761 igitur

107 792 167 848 oea
209 792 226 832 a
267 776 353 848 parte
395 773 533 832 exteriori
570 772 674 831 oirouli
709 774 769 831 dez
805 772 929 850 signabo
966 775 1124 848 punctum,

111 863 366 938 qualitercumque
398 861 499 935 cadat,
473 863 613 937 tquod
645 862 685 920 sii
715 864 910 938 punctumt,
939 864 969 919 θῖ
1000 862 1124 920 ooniun·

110 972 179 1030 gam
208 970 227 1009 a
255 955 355 1010 oumt
344 953 408 1008 ῖθῖ
436 953 453 1010 b
481 956 592 1009 oumt.
646 950 739 1008 Linea
771 970 841 1028 ergo
868 955 904 1009 αῖ
930 951 1050 1027 longior
1078 953 1125 1009 θεῖ

109 1041 189 1099 linea
226 1043 282 1115 ad,
320 1039 371 1098 sed
406 1039 486 1098 linea
518 1042 562 1099 ud
596 1043 641 1098 θεῖ
678 1039 794 1115 equalis
828 1040 905 1098 linee
938 1041 991 1113 by:
1029 1036 1125 1117 <ergo

71 1143 97 1182 ro
110 1131 250 1187 linea
213 1133 250 1188 ot
277 1133 322 1187 θεῖ
348 1129 466 1206 longior
493 1131 540 1204 bg.
593 1128 651 1187 Sed
673 1129 752 1187 linea
775 1130 815 1202 bg
838 1131 882 1187 θεῖ
905 1128 1020 1204 equalis
1045 1129 1126 1188 linee

111 1215 187 1297 etz>
215 1237 284 1295 ergo
312 1218 392 1276 linea
419 1223 455 1277 oi
484 1221 529 1277 θεῖ
555 1219 672 1295 longior
698 1217 778 1276 linea
806 1219 846 1276 ot.
898 1216 956 1275 Sed
982 1217 1065 1276 linea
1092 1219 1128 1276 ot

111 1311 156 1366 θεῖ
177 1307 295 1384 longior
317 1307 396 1365 linea
420 1309 474 1382 bo,
505 1308 647 1383 quoniam
669 1307 735 1383 ipsa
758 1309 803 1365 θεῖ
826 1306 940 1381 equalis
963 1306 1041 1364 linee
1071 1307 1129 1380 bg:

109 1397 300 1455 manifestum
324 1399 369 1455 θεῖ
392 1416 474 1473 ergo,
504 1397 585 1472 quod
607 1397 687 1453 linea
710 1399 746 1454 αῖ
770 1399 815 1453 θεῖ
837 1395 955 1472 longior
977 1395 1060 1453 linea
1083 1397 1127 1470 ot,

112 1490 142 1544 θῖ
160 1487 240 1544 linea
259 1487 293 1544 ot
311 1489 355 1544 est
373 1486 491 1562 longior
509 1486 588 1543 linea
608 1487 661 1557 bo3
686 1478 719 1542 θῖ
732 1484 809 1542 illud
828 1487 880 1559 θεῖ,
905 1484 984 1558 quod
1003 1484 1125 1543 demon-

73 1586 98 1626 15
114 1579 207 1634 strare
230 1575 388 1634 voluimus.

199 1665 344 1722 Tertius
379 1682 517 1737 quoque
551 1661 686 1738 moduS,
720 1682 778 1737 quo
810 1664 1009 1736 monstratur,
1043 1663 1128 1737 quod

109 1754 189 1812 linea
217 1753 288 1810 data
316 1754 355 1809 sit
342 1751 499 1827 tlongior
527 1750 659 1826 qualibet
686 1751 814 1810 duarum
840 1751 1023 1826 reliquarum
1051 1751 1130 1810 line·

111 1845 239 1916 arnnal
226 1841 282 1899 tali
301 1840 396 1897 deela-

110 1933 194 1988 ratur
202 1929 343 2003 exemplo
351 1927 397 1985 sit

70 2032 97 2070 ao
110 2019 190 2076 linea
233 2017 304 2075 daia
343 2018 394 2075 ob.

133 2107 278 2166 Ponam
270 2108 372 2180 itaque
696 1916 903 2347 ‘3

110 2199 254 2271 punctum
282 2213 301 2254 a
329 2213 394 2252 een·
698 2157 901 2352 Δ

124 2305 208 2358 rum,
253 2287 283 2342 θῖ
328 2303 395 2342 oum
454 2335 472 2368 e

111 2374 222 2450 spatio,
247 2372 326 2448 quod
350 2376 394 2430 θεῖ

71 2475 95 2514 25
111 2464 189 2521 inter
207 2482 226 2521 o
245 2466 275 2520 θῖ
293 2464 318 2537 b,
345 2462 393 2519 de·

111 2552 237 2611 scribam
254 2551 406 2610 circulum·

111 2643 183 2715 ooo.
237 2640 310 2698 Ροεῖ
339 2640 394 2698 hoo

111 2731 395 2806 ponampunotumo

111 2823 257 2894 oenirum,
290 2821 320 2876 θῖ
352 2837 394 2876 εθ-

71 2921 97 2959 ³⁰
112 2908 241 2967 cundum
264 2906 394 2982 spatium
421 2908 462 2965 ab
491 2907 707 2966 oiroumduoam
730 2907 873 2965 oiroulum
897 2909 973 2983 ode,
1003 2911 1032 2966 θῖ
1056 2929 1129 2986 pro·

111 2998 217 3056 duoam
245 2997 318 3054 duas
345 2996 440 3054 lineas
468 3013 523 3070 oy,
546 2997 600 3070 bo,
628 2996 720 3056 doneo
748 3015 778 3055 se
811 3015 901 3071 supra
933 3000 1084 3072 punctum
1111 3018 1128 3060 a

111 3088 217 3144 secent.
255 3085 447 3143 Manifestum
472 3087 516 3142 θεῖ
538 3084 650 3160 itaque,
674 3086 753 3161 quod
778 3085 858 3144 linea
877 3087 918 3144 ab
942 3090 987 3144 θεῖ
1005 3087 1133 3166 longior

111 3194 289 3250 unaquaque
313 3174 459 3232 linearum
482 3191 522 3233 oa
546 3177 576 3232 θῖ
599 3176 649 3250 b23
673 3177 702 3232 θῖ
724 3174 800 3232 illud
823 3178 876 3250 θεῖ,
901 3176 981 3250 quod
1004 3175 1128 3237 demon·

111 3268 205 3322 strare
229 3262 385 3322 voluimus.

183 3547 206 3594 5.
228 3539 286 3605 Que
306 3538 527 3593 circonferentia.
547 3571 580 3579 -
601 3545 642 3593 17.
662 3556 780 3607 quarum
800 3539 925 3594 duarum.
