2408 3848
399 128 449 183 AD
467 128 653 185 EUCLIDEM
670 129 736 184 LIB.
751 130 771 184 Ι.
1047 129 1088 192 27

77 297 342 374 perpendicularis,
366 317 424 373 que
448 317 466 356 a
487 302 598 374 puncto
621 298 806 372 protrahitur
829 298 868 356 ad
891 318 968 372 eam,
992 301 1022 356 et
1044 301 1090 356 θεῖ

77 387 198 446 brevior
220 387 311 464 linea,
335 406 392 463 que
417 390 461 446 est
483 387 562 446 inter
584 389 728 462 punctum
751 390 781 446 et
802 387 913 445 lineam
935 389 990 444 aut
1011 386 1090 444 inter

77 478 224 552 punctum
254 479 285 534 et
311 475 503 551 superficiem.
554 474 691 551 Spatium
717 495 800 551 vero,
833 475 912 552 quod
939 478 984 534 est
1011 474 1090 533 inter

77 565 190 623 lineam
222 566 252 623 ct
282 565 409 641 lineam,·
437 565 463 623 si
494 565 604 622 fuerint
636 565 863 640 equidistantcs,
896 564 953 623 erit
983 565 1088 639 equale

77 653 196 730 utique,
226 656 255 712 et
278 657 323 712 est
344 653 461 714 brevior
484 653 601 730 spatiis,
627 672 685 728 que
709 656 780 712 sunt
802 653 880 712 iuter
903 672 966 728 eas,
990 655 1088 711 otest
1115 665 1127 704 5
1190 647 1192 650 ’

76 741 331 818 perpendicularis
372 761 460 818 super
494 761 735 818 unamquamque
772 761 881 800 earum.
940 741 1088 800 Videlicet

76 831 171 907 quod,
205 831 230 890 si
261 851 320 891 non
351 832 464 890 fuerint
491 831 718 907 emersurus,
750 832 878 890 minores
906 831 996 906 lineo,
1029 850 1087 906 que

75 919 275 998 coniungunt,
308 921 387 996 quod
409 923 454 979 est
476 920 555 980 inter
578 939 640 996 eas,
668 920 903 980 diversificantur
927 919 1088 978 secuudum

75 1007 282 1068 diversitatem
312 1012 492 1085 punctorum
522 1010 554 1067 in
587 1009 628 1068 eis
655 1010 828 1084 positorum.
878 1009 941 1067 Hec
970 1027 1086 1084 quoque

56 1097 166 1172 linea,
190 1097 262 1173 quia
284 1098 470 1174 protrahitur
492 1117 510 1156 a
532 1103 643 1174 puncto
667 1098 705 1156 ad
726 1099 845 1174 lineam,
868 1101 913 1157 est
930 1098 1085 1173 perpendi·
1101 1111 1126 1150 ro

76 1186 187 1245 calaris
210 1205 299 1262 super
321 1187 440 1262 lineam,
463 1205 553 1262 super
575 1206 667 1262 quam
689 1188 883 1262 protrahitur,
907 1191 937 1246 et
960 1206 1019 1246 non
1043 1189 1088 1245 cst

74 1275 328 1351 perpendicularis
342 1295 431 1351 super
444 1276 562 1349 lineam,
579 1294 666 1351 super
681 1294 741 1351 qua
755 1276 860 1334 datum
875 1278 919 1334 est
932 1279 1086 1350 punctum.

75 1363 139 1422 Hec
172 1368 273 1422 autem
305 1365 404 1425 omnia
430 1383 547 1424 necesse
575 1367 620 1423 est
647 1365 833 1442 geometricis
860 1364 1086 1440 probationibus

75 1452 205 1528 probari.
1003 1447 1013 1465 ⁶

165 1541 250 1610 Quod
268 1545 368 1600 autem
382 1542 414 1600 in
427 1542 604 1600 diffinitione
618 1542 739 1601 dicitur:
759 1542 811 1616 „si
825 1542 1086 1617 protrahantur
1100 1555 1125 1595 15

17 1618 21 1641 ⁸
73 1629 111 1688 in
135 1629 397 1706 duas-partes“‚
424 1631 491 1691 ideo
514 1631 712 1690 necessarium
733 1631 804 1707 fuit,
834 1630 904 1706 quia
927 1630 983 1688 due
1006 1634 1104 1689 recte¹

74 1719 162 1793 lineo,
186 1739 243 1795 que
265 1720 302 1778 ab
320 1739 382 1778 una
399 1723 484 1795 parte
503 1721 732 1797 coniunguntur,
755 1720 792 1778 ab
812 1720 873 1778 alia
891 1722 975 1794 parte
994 1719 1084 1776 immo

72 1807 169 1885 magis
193 1811 377 1885 separantur,
400 1812 431 1867 et
450 1828 510 1867 non
529 1811 598 1869 sunt
616 1809 839 1885 equidistantes.
882 1807 967 1877 Quod
986 1811 1086 1866 autem

72 1896 162 1955 dixit:
190 1916 271 1971 „eas
298 1897 463 1972 protrahi
489 1898 525 1955 in
551 1896 770 1973 infinitum“,
797 1917 857 1956 non
884 1897 959 1955 dixit
986 1894 1085 1975 <nisi>

72 1987 220 2062 quantum
243 1986 282 2044 ad
303 1986 556 2063 imaginationem.
602 1987 731 2046 Deberet
754 1987 832 2046 enim
854 1989 988 2062 utreque,
1014 2006 1084 2062 quo·
1100 2001 1125 2039 20

72 2074 155 2132 niam
179 2093 280 2133 earum
302 2075 466 2151 protractio
489 2075 573 2135 fieret
595 2076 628 2134 in
651 2076 758 2151 spatio,
786 2075 867 2152 quod
890 2079 966 2134 esset
989 2075 1085 2133 maius

71 2163 188 2238 spatio,
216 2163 295 2239 quod
323 2167 368 2223 est
394 2165 473 2222 inter
499 2183 552 2224 nos
580 2169 611 2223 et
635 2184 752 2240 speram
775 2165 930 2224 stellarum
952 2164 1085 2222 fixarum.

72 2250 133 2310 Sed
160 2255 261 2310 utrum
288 2253 340 2328 sit,
368 2272 435 2312 cum
461 2254 645 2330 posuerimus
676 2273 777 2313 earum
799 2253 1032 2330 protractionem
1054 2253 1086 2310 in

71 2341 174 2416 aliquo
207 2341 349 2417 termino,
381 2343 433 2400 ubi
460 2363 519 2402 non
547 2343 779 2420 coniunguntur,
811 2343 901 2416 illud,
934 2342 1013 2418 quod
1041 2345 1085 2400 est

71 2429 167 2504 ultra,
202 2430 255 2488 ubi
286 2450 346 2490 non
378 2431 611 2508 coniungimur,
644 2436 674 2491 et
706 2433 881 2505 iudicemus,
914 2431 993 2507 quod
1025 2450 1084 2489 non
1099 2444 1124 2483 25

70 2518 300 2594 coniunguntur.
343 2519 408 2578 Hoc
431 2539 550 2596 quoque
573 2521 631 2580 fuit
654 2539 725 2580 usus
748 2539 825 2579 nuno
848 2520 880 2577 in
901 2521 966 2594 hoc,
988 2523 1024 2577 ut
1047 2519 1085 2576 ad

70 2605 245 2666 evitandum
280 2608 437 2667 verborum
468 2609 692 2668 multitudinem
724 2611 754 2668 et
781 2608 1085 2685 comprehendendam

69 2695 251 2756 brevitatem
272 2700 437 2772 posuerunt
458 2698 522 2757 hoo.

161 2785 202 2842 ut
224 2788 367 2861 punctum
391 2789 436 2845 est
458 2805 549 2845 causa
572 2807 670 2846 rerum
694 2788 912 2865 continuarum,
936 2788 966 2844 et
984 2785 1083 2843 unitas

69 2876 119 2933 est
141 2893 231 2932 causa
254 2895 354 2933 rerum
377 2875 582 2949 discretarum3
611 2879 642 2935 θῖ
664 2880 807 2952 punctum
831 2879 875 2934 est
897 2874 981 2933 radix
1004 2877 1083 2932 recte
1098 2890 1124 2928 eo

68 2962 149 3021 lineo
164 2967 195 3021 et
210 2963 390 3040 circonflexe,
406 2967 436 3022 et
451 2983 537 3041 spera
553 2969 583 3024 et
595 2965 719 3042 piramis
734 2969 779 3025 est
792 2964 876 3023 radix
887 2983 1049 3039 corporum.
1058 2955 1083 3043 ¹)

144 3165 168 3214 8.
189 3159 402 3230 coniunguntur.

144 3367 170 3432 1)
184 3363 261 3418 Haec
271 3364 364 3434 verba,
380 3382 453 3433 quae
463 3365 586 3435 glossam
597 3382 656 3419 esse
667 3366 835 3420 Heraeuorus
848 3365 976 3434 credidit,
988 3368 1083 3419 tamen

69 3453 88 3489 a
104 3432 254 3488 Germano
274 3436 374 3491 eodem
391 3437 453 3491 loco
473 3436 646 3506 legebantur,
667 3453 752 3506 quare
772 3436 885 3506 abipso
905 3440 1019 3491 auctore
1037 3436 1083 3490 hie

69 3506 181 3560 ineerta
200 3523 260 3562 θεεθ
279 3507 417 3563 videntur.
