2408 3848
427 139 477 193 AD
496 137 681 194 EUCLIDEM
698 138 765 193 LIB.
779 137 812 192 X.
1052 137 1119 202 319

107 308 226 366 milium
264 311 294 367 et
326 307 581 386 septingentorum
614 311 644 366 et
671 305 867 384 septuaginta
898 324 961 381 aex,
998 308 1120 380 accepta
1194 348 1196 353 -

108 397 207 455 radice
232 391 353 474 totius).
396 394 471 454 Cum
496 415 565 472 orgo
588 396 685 454 minor
708 414 811 454 earum
834 415 868 452 ex
886 395 998 452 maiore
1017 412 1120 453 earam

107 485 262 561 minuitur,
286 485 365 561 qaod
386 487 433 544 eat
449 485 633 544 residuum
652 503 764 559 aarum,
787 488 833 542 eat
849 483 929 542 linea
948 484 989 541 ab
1008 481 1119 557 absque

57 581 90 628 68
109 576 189 633 linea
212 577 263 649 by,
284 568 289 652 Ι
311 593 368 650 que
396 576 442 633 eat
465 592 520 649 oq,
542 573 627 632 radix
650 573 801 651 octoginta
828 572 920 631 duum
946 570 1065 632 milium
1090 577 1120 629 et

108 666 326 740 nongentorum
343 665 376 721 et
389 662 590 740 quadraginta
606 665 735 738 quatuor
753 661 856 720 addita
870 680 959 737 super
970 662 1119 719 trecentos
1146 674 1159 714 ε

109 772 144 810 ex
167 751 297 810 numeria
320 754 442 827 accepta
464 751 563 810 radice
586 751 657 827 eiua,
680 751 761 827 quod
783 752 978 828 aggregatur,
1001 768 1036 807 ex
1059 767 1119 824 qua

109 842 149 899 sit
172 840 320 899 diminuta
341 839 427 898 radix
448 840 556 900 radicis
578 843 780 900 trecentorum
802 839 918 897 milium
941 846 972 897 et
992 837 1119 914 triginta

108 930 198 988 unius
216 929 334 987 milium
353 932 383 987 et
401 929 658 1006 septingentorum
676 931 706 987 ct
722 927 915 1004 septuaginta
933 945 991 1002 aex,
1007 925 1120 985 residui

109 1022 232 1094 accepta
254 1017 362 1076 radice.
403 1018 443 1077 at
465 1018 542 1076 illud
564 1019 611 1078 cat
632 1017 717 1076 radix
740 1017 973 1094 quingentorum
991 1018 1023 1074 et
1040 1017 1119 1075 octo·

110 1108 194 1184 ginta
221 1111 302 1182 octo,
330 1126 365 1165 ex
394 1125 455 1182 qua
476 1107 538 1167 sint
559 1106 700 1165 diminuti
721 1105 830 1182 viginti
853 1107 994 1181 quatuor,
1020 1103 1119 1162 radice
1134 1120 1160 1160 ao

108 1196 222 1255 residui
243 1198 406 1272 assumpta.

197 1285 287 1344 Volo
324 1285 487 1343 invenire
519 1284 709 1343 bimedium
740 1282 934 1342 secundum
965 1285 999 1340 et
1031 1280 1119 1340 resi-

111 1374 216 1432 duum
238 1373 430 1432 bimediale
454 1366 685 1450 secundum.¹)
1193 1419 1198 1436 .

199 1461 329 1539 Signabo
361 1461 463 1538 itaqua
495 1461 569 1521 duas
601 1463 694 1521 lineas
728 1460 760 1519 in
790 1460 927 1536 potentia
958 1453 1119 1537 <tantum>

110 1551 360 1610 communicantes
393 1553 424 1609 et
455 1551 639 1611 continentes
670 1550 810 1624 mediale,
842 1567 970 1625 quarum
1001 1547 1159 1624 longiora

108 1640 204 1716 possit
231 1659 322 1716 supra
348 1638 514 1700 breviorem
540 1635 651 1718 (cum)
678 1642 836 1716 augmento
865 1636 1006 1714 quadrati
1033 1635 1120 1710 linea,

110 1730 156 1788 cui
184 1729 301 1806 longior
327 1727 359 1786 in
381 1728 568 1807 longitudine
591 1728 835 1802 incommunicat,
863 1746 920 1802 que
943 1726 1003 1785 sint
1026 1726 1067 1784 ab
1090 1727 1120 1783 et

110 1821 163 1892 bg,
187 1821 218 1876 et
239 1817 300 1877 sint
322 1817 407 1876 radix
429 1819 537 1877 radicis
561 1816 716 1877 duodecim
739 1820 770 1876 et
789 1815 874 1874 radix
892 1814 1000 1874 radicis
1018 1813 1119 1872 trium.

110 1905 186 1965 Cum
213 1925 287 1983 crgo.
308 1906 542 1984 coniunguntur,
565 1908 611 1965 eat
632 1905 795 1964 bimedium
819 1904 994 1979 secundum,
1022 1905 1053 1961 et
1073 1905 1120 1961 est

109 1994 194 2052 radix
216 1993 324 2070 viginti
345 1998 460 2070 septem
482 1999 514 2054 et
530 1995 614 2052 radix
632 1995 742 2072 viginti
760 1997 891 2070 quatuor
908 1988 1027 2072 <radice
1046 1991 1159 2067 cinaeo

111 2081 191 2157 quod
213 2085 402 2159 aggregatur,
425 2079 577 2159 accepta),
600 2083 711 2159 etipse
731 2087 776 2142 est
792 2083 877 2141 radix
895 2080 987 2140 duum
1004 2081 1120 2139 milium

111 2175 142 2228 et
164 2170 396 2246 quingentorum
418 2175 448 2230 et
470 2171 634 2248 nonaginta
656 2172 782 2230 duorum
804 2171 909 2230 addita
927 2189 1017 2246 anper
1035 2170 1118 2244 quin·

112 2259 258 2335 quaginta
275 2253 376 2337 <nno>
395 2279 430 2317 ex
448 2259 578 2318 numeris
597 2263 719 2335 accepta
737 2259 835 2318 radice
849 2253 1000 2337 (radicis)
1013 2250 1116 2334 eius.²)

111 2347 245 2421 Summa,
283 2366 340 2422 que
370 2347 406 2406 fit
438 2367 472 2406 ex
503 2348 602 2407 radice
632 2348 741 2406 radicis
773 2347 927 2407 duodecim
959 2349 990 2404 et
1020 2345 1119 2404 radice

110 2435 218 2494 radicis
244 2436 350 2512 trium,
383 2440 428 2496 est
453 2436 538 2495 radix
565 2437 674 2514 viginti
701 2438 815 2512 septem
842 2439 873 2494 ot
898 2433 983 2493 radix
1010 2434 1118 2512 viginti
1133 2450 1158 2491 ao

111 2528 240 2601 quatuor
263 2523 417 2584 coniuncte
435 2526 535 2584 radice
552 2535 656 2584 'aarum
674 2527 804 2600 accepta.
842 2523 916 2584 (iam
934 2542 1004 2601 ergo
1022 2523 1120 2583 minor

110 2633 214 2673 earum
246 2633 281 2673 ex
311 2614 423 2674 maiore
455 2618 611 2691 separatur
642 2617 687 2674 eat
716 2613 867 2672 residuum
899 2631 953 2688 ag,
985 2631 1042 2689 que
1075 2615 1119 2671 est

110 2698 338 2780 (residuum)
356 2701 549 2762 bimediale
565 2703 771 2778 >secundum
788 2703 874 2762 radix
891 2702 985 2760 duum
1002 2701 1119 2760 milium

111 2796 141 2852 et
165 2793 396 2870 quingentorum
419 2795 449 2850 et
470 2793 636 2870 nonaginta
657 2791 783 2852 duorum
805 2790 960 2850 diminutis
979 2809 1015 2850 ea
1033 2790 1118 2874 quin·

184 2968 225 3017 16.
246 2963 434 3031 augmentum.
454 2992 488 3002 -
508 2965 549 3016 28.
569 2959 731 3016 bimedium.

184 3141 1043 3247 1>iiaaiac=trsa÷r1aa2iffl

340 3300 906 3405 *afflatam

183 3471 992 3584 ataatr=rfflff=ffioa÷e
