2408 3848
397 153 447 209 AD
466 142 652 210 EUCLIDEM
669 155 737 211 LIB.
752 155 786 210 Il.
1029 154 1091 218 103

75 327 295 404 quadratorum
322 324 450 384 duarum
477 324 625 383 linearum
652 343 706 399 cy,
731 322 977 400 quostquam
1001 323 1092 399 duplo

73 415 258 492 superficiei,
285 434 343 491 que
371 413 541 473 continetur
568 433 586 472 a
614 413 728 472 duabus
755 412 841 471 lineis
869 432 924 488 cy,
944 415 1002 487 od,
1025 432 1093 471 cum

74 505 226 581 quadrato
249 505 329 562 facto
354 522 389 561 ex
411 503 491 560 linea
515 504 563 562 bd.
614 503 680 561 Iam
707 521 776 580 ergo
804 503 969 561 resolutum
992 502 1092 560 estin

76 593 286 671 probationem
302 592 397 670 figure
414 591 502 650 huius
524 591 619 667 partis
638 591 763 667 septime
782 593 812 649 et
831 593 989 666 ostensum,
1013 591 1093 666 quod

77 682 248 742 coniunctio
268 681 392 740 duorum
412 681 636 756 quadratorum,
655 701 713 756 que
731 680 807 738 fiunt
825 700 859 737 ex
878 679 1092 761 duabus-lineis
1120 691 1133 731 5

77 767 159 850 (ad,
191 773 245 847 db,
278 773 323 829 est
355 769 460 845 equale
492 770 582 845 duplo
614 771 741 829 duorum
773 769 1002 845 quadratorum,
1035 788 1092 843 que

76 861 156 920 fiunt
174 880 209 919 ex
232 859 345 918 duabus
367 855 476 936 lineis>
498 877 548 934 oy,
569 861 624 934 φὺς
648 863 678 918 et
696 859 773 916 illud
796 860 850 932 est,
873 858 954 934 quod
973 858 1092 917 demon·

74 953 173 1010 strare
196 939 388 1028 voluimus.¹)

169 1037 336 1096 Secundum
363 1034 606 1112 compositionem
638 1055 708 1094 vero
736 1036 786 1094 sio.
831 1035 888 1094 Hic
918 1035 1021 1110 itaque
1048 1036 1092 1093 in·

76 1127 190 1204 cipiam
212 1145 400 1202 componere,
429 1129 459 1184 et
486 1125 556 1201 quia
584 1144 651 1182 cum
678 1124 853 1200 probatione
881 1124 1020 1182 adhunc
1043 1124 1133 1182 dero

36 1224 41 1231 '
77 1216 213 1276 venimus
235 1215 338 1290 finem,
365 1218 400 1274 ut
427 1213 596 1274 coniunctio
625 1213 751 1272 duorum
779 1213 1006 1288 quadratorum,
1035 1233 1091 1288 que

77 1305 156 1364 fiunt
183 1324 218 1363 ex
246 1304 362 1363 duabus
389 1303 476 1362 lineis
500 1305 552 1377 by,
577 1305 634 1377 od,
661 1302 701 1361 sit
728 1301 843 1377 equalis
871 1301 961 1377 duplo
990 1321 1092 1377 super-

759 1390 849 1465 fioiei,
876 1411 934 1466 que
961 1392 1091 1450 contine·

76 1474 398 1583 {wlff-*J*
708 1489 727 1578 <¹1
762 1483 812 1538 tur
830 1499 848 1537 a
867 1479 980 1538 duabus
1004 1480 1091 1539 lineis

763 1570 815 1643 by,
835 1571 893 1643 qd,
924 1587 991 1628 cum
1019 1588 1091 1643 qua·
1106 1583 1132 1622 15

75 1661 164 1720 drato
187 1661 268 1718 facto
292 1679 328 1717 er
349 1658 430 1717 linea
449 1659 500 1732 db,
523 1661 553 1716 et
575 1658 655 1717 linea
674 1677 717 1732 oq
739 1661 785 1717 est
804 1657 918 1733 equalis
941 1657 1019 1715 linee
1035 1659 1091 1731 qb:

75 1745 191 1826 (ergo)
206 1747 375 1808 coniunctio
389 1747 515 1806 duorum
529 1747 750 1822 quadratorum,
766 1767 823 1823 que
836 1746 912 1805 fiunt
928 1767 963 1804 ex
978 1746 1092 1806 duabus

75 1838 164 1898 lineis
187 1856 236 1912 aq,
258 1838 311 1911 qd,
334 1839 380 1895 est
403 1836 516 1912 equalis
541 1837 630 1912 duplo
650 1837 824 1912 superficiei,
847 1856 904 1912 que
923 1836 1093 1896 continetur

75 1947 96 1986 a
120 1926 235 1985 duabus
258 1925 344 1984 lineis
369 1944 419 1999 cy,
439 1927 491 2001 pol,
515 1944 582 1984 cum
605 1926 751 2001 quadrato
776 1927 857 1984 facto
881 1945 916 1984 ex
938 1925 1018 1983 linea
1041 1927 1091 1985 db.

76 2016 249 2093 Adiungam
272 2017 374 2072 autem
397 2014 633 2072 coniunctionem
661 2015 786 2072 duorum
813 2014 1028 2089 quadratorum
1051 2033 1093 2088 aq
1106 2029 1133 2068 ao

75 2109 109 2164 et
129 2106 182 2180 od,
206 2106 236 2162 et
259 2103 403 2179 accipiam
426 2121 461 2160 ea
480 2103 659 2162 communia:
681 2103 717 2160 fit
735 2123 805 2180 ergo
824 2103 948 2178 duplum
967 2104 1093 2161 duorum

75 2193 301 2269 quadratorum,
329 2212 386 2268 que
412 2191 489 2250 fiunt
517 2212 551 2250 ex
578 2192 691 2252 duabus
718 2192 805 2250 lineis
834 2211 884 2265 oq,
909 2193 962 2266 qd,
986 2193 1092 2267 equale

76 2282 169 2358 duplo
193 2281 366 2358 superficiei,
387 2300 443 2356 que
462 2281 630 2339 continetur
649 2299 666 2338 a
686 2279 843 2357 <duabus>
862 2280 948 2339 lineis
968 2300 1018 2355 aq,
1039 2283 1092 2356 qd,

75 2376 109 2432 et
132 2371 245 2430 duobus
268 2369 425 2446 quadratis
447 2369 535 2428 factis
559 2389 594 2428 ex
617 2369 731 2428 duabus
753 2369 840 2428 lineis
868 2387 923 2443 cc,
944 2371 1002 2444 qd,
1025 2389 1092 2428 oum

75 2460 225 2538 quadrato
248 2461 329 2518 facto
353 2478 388 2517 ex
411 2458 490 2516 linea
513 2460 562 2518 db.
614 2458 672 2516 Sed
700 2458 859 2516 secundum
885 2458 1092 2533 probationem
1106 2470 1131 2510 25

75 2551 171 2627 figure
185 2552 292 2625 quarte
305 2548 393 2606 huius
406 2547 501 2623 partis
516 2547 573 2606 erit
587 2547 766 2622 quadratum
779 2548 892 2605 factum
906 2566 941 2604 ex
953 2547 1033 2604 linea
1047 2547 1092 2605 cd

75 2639 184 2715 equale
203 2637 295 2714 duplo
314 2636 489 2712 superficiei,
508 2656 564 2711 que
584 2636 753 2695 continetur
771 2655 789 2694 a
806 2635 920 2694 duabus
938 2635 1025 2694 lineis
1040 2654 1090 2709 oy,

74 2730 129 2803 qd,
152 2746 220 2786 eum
242 2726 355 2785 duobus
380 2725 533 2800 quadratis
556 2725 645 2784 factis
668 2746 703 2784 ex
721 2724 835 2784 duabus
854 2724 940 2783 lineis
961 2743 1011 2798 oq,
1032 2725 1089 2797 ud:

76 2836 149 2894 ergo
168 2815 335 2876 coniunctio
354 2815 479 2874 duorum
497 2816 721 2890 quadratorum,
744 2833 801 2890 que
823 2814 900 2872 fiunt
923 2833 957 2871 ex
976 2813 1090 2872 duabus

75 3076 96 3128 fi
150 3009 174 3059 3.
186 3004 260 3128 ⁷lebet
273 3003 354 3058 verba
368 3001 443 3056 linea
453 3003 493 3056 bd
506 3003 636 3058 iterator:
655 3002 710 3057 Sed
724 3002 877 3056 secundum
891 2999 1090 3070 probationem

96 3091 166 3145 gure
216 3119 221 3129 .

150 3273 175 3338 1)
200 3270 272 3335 Quia
295 3257 802 3343 dd¹=dp²4=dd²÷2o9=9d
836 3267 890 3322 erit
913 3256 967 3322 αἶ’
984 3270 1017 3336 -Ι-
1033 3255 1092 3322 Μ’

77 3347 585 3432 =2a9aa÷a9²÷9a²÷oar
612 3356 822 3428 aeca9=ta
843 3344 1091 3426 agea-emta

75 3433 1091 3532 =2boodssbd¹÷cfo²÷od²=Fe²†o‘d²÷a‘r²†o‘d²

76 3537 354 3610 =2(co²÷rd²)·
