2408 3848
114 113 189 223 362⁴
403 154 840 211 uulmrnconnnmlan

114 328 232 403 dicitur,
247 328 326 404 quod
339 327 437 402 ipsum
447 330 492 384 est
505 326 687 400 superfluum
698 325 841 403 longioris
856 325 995 384 sectionis
1004 324 1125 383 bimedii

113 417 202 493 primi
225 435 315 493 super
336 416 509 490 breviorem,
532 419 562 473 et
584 415 680 492 figura
702 414 748 472 his
771 414 901 473 numetis
924 414 1094 492 insignitur.

202 506 238 564 In
261 496 560 585 septuagesima¹)
585 504 660 561 nihil
683 504 803 562 additur
825 504 873 562 vel
896 506 1046 578 mutetur,
1069 503 1124 562 nisi

115 596 194 671 quod
217 595 248 652 in
271 595 328 652 fine
352 594 468 668 dicitur,
492 594 572 669 quod
593 593 692 669 ipsum
715 596 760 651 est
782 592 964 668 superfluum
982 592 1125 670 longioris

86 684 251 743 tsectionis
275 702 362 758 super
383 682 556 757 breviorem,
582 686 612 740 et
634 685 756 757 propter
778 682 843 756 hoc,
865 682 946 756 quod
969 682 1027 740 due
1051 677 1124 740 linee'

113 775 165 847 de,
192 775 231 832 alt
257 773 289 829 in
316 771 451 847 potentia
478 775 547 830 sunt
569 771 730 830 rationales
754 773 784 829 et
807 771 1073 846 commeantes,
1097 775 1124 829 et

114 862 139 920 si
157 864 296 937 separata
314 861 405 919 fuerit
423 856 524 939 (una)
543 879 644 918 earum
668 880 703 918 ex
721 859 825 934 altera,
847 860 938 918 fuerit
961 879 1125 933 remanens

113 970 170 1026 que
194 954 238 1008 est
261 951 340 1009 linea
362 952 405 1009 dli
428 950 526 1025 surda,
549 949 712 1008 secundum
734 949 813 1024 quod
835 948 867 1006 in
889 949 1010 1024 punctis
1034 949 1125 1027 figure

113 1039 298 1099 residuorum
320 1039 469 1115 precessit.

73 1139 99 1178 10
203 1127 346 1186 Similiter
369 1128 402 1186 in
425 1127 691 1204 septuagesima
714 1119 860 1208 primm)
883 1127 961 1185 nihil
983 1130 1126 1203 mutatum,

112 1212 212 1295 (nisi)
244 1219 324 1294 quod
355 1217 386 1275 in
417 1217 474 1274 fine
507 1216 628 1291 dicitur,
661 1215 740 1290 quod
771 1216 838 1292 ipsa
869 1219 914 1274 est
941 1217 1127 1292 superfluum

111 1308 253 1385 longioris
287 1306 425 1366 sectionis
457 1325 546 1382 super
574 1304 734 1364 sectionem
761 1305 938 1380 breviorem,
972 1309 1003 1364 et
1032 1306 1127 1384 figura

111 1397 157 1456 his
180 1397 309 1455 numeris
332 1395 504 1472 insignitur:
552 1386 556 1391 ⁴

352 1533 388 1584 12
406 1546 467 1584 eum
485 1529 578 1583 radice
597 1533 634 1583 96
653 1534 761 1598 accepta
779 1529 840 1582 rad.
855 1529 914 1582 nus

293 1820 329 1869 12
342 1817 401 1870 sine
418 1817 478 1869 rad.
495 1819 532 1869 96
700 1817 790 1869 minor

272 1892 379 1955 accepta
392 1888 452 1940 rad.
467 1885 548 1940 resid.

200 2017 235 2074 In
267 2019 535 2096 septuagesima
568 2010 755 2100 secunda³)
789 2037 858 2078 vero
886 2017 961 2075 nihil
989 2023 1128 2079 mutatur

72 2115 97 2156 15
112 2107 239 2166 omnino.

199 2196 234 2253 In
257 2197 526 2274 septuagesima
548 2189 696 2278 tereie4)
721 2196 797 2254 nihil
818 2198 959 2254 mutatur.

112 2291 324 2298 ——-—--—-—

110 2331 171 2384 liter
183 2337 291 2386 tanturn
304 2332 530 2386 communicantes
543 2332 760 2400 superficiemque
772 2330 936 2384 rationalem
947 2329 1126 2397 continentes,

109 2403 215 2470 reliqua
223 2403 296 2456 linea
305 2403 357 2458 erit
365 2403 547 2469 irrationalis,
556 2404 711 2470 diceturque
720 2401 860 2456 residuum
868 2401 984 2455 nmdiale
989 2402 1124 2470 primurn.

182 2475 207 2541 1)
226 2473 362 2526 Eunomus
381 2473 414 2541 X,
435 2479 468 2526 to
487 2472 638 2542 (Omlnes
656 2472 744 2539 idem3
763 2471 931 2526 Humanam
949 2471 983 2539 X,
1003 2474 1062 2538 tol:
1094 2473 1127 2528 Si

110 2543 184 2597 linea
197 2545 229 2598 de
244 2546 318 2598 linea
330 2552 440 2612 secetur,
459 2546 614 2613 fuerintque
628 2545 702 2598 ambe
716 2544 844 2598 mediales
858 2544 1048 2612 potentialiter
1062 2551 1125 2599 tan·

109 2619 167 2667 turn
189 2616 417 2671 communicantes
439 2617 662 2684 continenturque
689 2615 816 2680 mediate,
842 2615 949 2684 reliqua
972 2615 1049 2669 linea
1072 2618 1126 2670 erit

109 2685 290 2752 irrationalis,
308 2688 463 2756 diceturque
480 2687 619 2741 residuum
637 2686 751 2740 neediale
768 2686 923 2740 reundum.

181 2755 361 2824 2)Eocu1nns
381 2757 415 2825 X,
435 2763 466 2810 71
487 2756 638 2827 (Caminos
657 2756 746 2823 idem,
765 2755 931 2809 Hammonis
951 2755 984 2823 X,
1003 2759 1063 2823 76):
1092 2757 1125 2812 St

111 2825 185 2880 linea
198 2827 230 2880 de
240 2829 314 2882 linea
322 2830 491 2895 detrahatur,
504 2829 660 2898 fuerintque
674 2829 749 2882 ambe
759 2828 946 2896 potentialiter
958 2829 1124 2882 incommen-

109 2898 242 2952 surabiles
256 2901 470 2968 continenterque
483 2900 605 2966 mediate,
619 2901 807 2968 quadrataque
816 2915 910 2953 aarum
924 2898 1003 2953 ambo
1013 2901 1125 2968 pariter

109 2975 217 3038 accepta
232 2972 376 3038 rationale,
388 2971 495 3039 reliqua
504 2971 577 3024 linea
590 2971 642 3024 erit
655 2971 837 3036 irrationalis,
850 2975 1013 3038 vocaturque
1022 2973 1123 3025 minor.

181 3042 207 3110 3)
226 3040 361 3094 Ennomus
381 3042 414 3110 X,
434 3047 466 3094 ‘12
487 3040 638 3110 (Omeros
658 3040 932 3109 idem3Hn1anna1us
952 3039 984 3109 X,
1004 3042 1063 3110 ⁷⁷)ss
1093 3042 1126 3097 St

110 3112 184 3167 linea
202 3113 234 3167 de
253 3114 326 3168 linea
344 3115 478 3179 dematur,
495 3113 652 3182 fuerintque
667 3113 743 3166 ambe
757 3113 944 3181 potentialiter
958 3113 1125 3168 incommen-

108 3184 242 3239 curabilm
250 3186 468 3254 superficiemque
476 3184 639 3238 rationalem
647 3184 821 3251 contimntee,
828 3185 1017 3253 quadrataque
1027 3201 1126 3240 earum

109 3256 187 3310 ambo
202 3257 310 3324 puriter
328 3263 437 3326 accepta
454 3256 581 3322 mediale,
604 3255 711 3323 reliqua
728 3255 781 3309 erit
797 3255 984 3321 irrationalis,
1003 3257 1125 3312 dicetur-

109 3343 159 3395 que
177 3328 273 3382 iuneta
291 3344 351 3382 curn
368 3327 503 3382 rationali
520 3342 680 3394 componens
697 3331 783 3380 totum
800 3326 922 3380 mediate.

180 3400 207 3466 4)
225 3399 361 3452 Eocnmns
381 3399 413 3467 X,
434 3404 467 3451 73
487 3395 639 3466 (Gauranos
658 3395 745 3464 idem,
764 3396 931 3449 Herennianis
950 3395 983 3465 X,
1003 3399 1062 3467 tal:
1094 3400 1128 3456 Si

109 3468 183 3522 linea
197 3487 215 3523 a
230 3470 304 3524 linea
317 3471 485 3536 detrahatur,
502 3469 659 3538 fuerintque
672 3469 748 3523 arabe
758 3468 945 3537 potentialiter
957 3468 1128 3526 incommen-

105 3540 242 3596 amabiles
253 3542 472 3613 superficiemque
485 3541 627 3596 nudialem
635 3540 810 3606 continentes,
823 3539 1013 3608 quadrataque
1028 3557 1130 3599 earum
