2408 3848
386 159 436 212 AD
455 159 772 214 radamantum.
1023 159 1087 224 167

164 328 273 386 Divisa
294 331 444 401 proportio
473 333 526 397 est,
554 334 587 388 ut
611 334 746 388 sumator
767 331 956 402 superfluitas
979 333 1090 387 autece-

70 419 168 477 deutis
191 435 279 490 super
302 434 475 490 musaqueus
498 420 538 477 ad
561 436 742 492 cousequeus.
750 410 774 494 1)

164 506 252 581 Dico,
290 506 380 582 quod,
415 525 485 564 cum
520 507 650 583 primum
686 507 870 583 posuerimus
903 506 1089 582 quantitates

75 596 313 672 proportionales
338 596 391 668 ab,
416 598 467 671 tp,
491 597 542 672 de,
567 615 615 672 99,
644 600 673 654 99
699 599 784 654 erant
807 596 1013 654 antecedentes
1037 597 1088 664 ab,

76 687 114 743 de
143 686 173 742 et
201 688 413 759 consequentes
437 687 488 759 tp,
513 704 559 759 or,
585 685 637 744 sed
659 688 776 761 postea,
804 703 871 742 cum
893 679 1088 763 <com>p0su
1115 695 1130 736 5

75 774 193 848 erimus,
218 773 370 848 posuimus
394 775 523 848 quatuor
546 775 620 833 alias
644 775 827 850 quantitates
850 773 1090 848 proportionales

77 862 198 920 abiectis
231 862 304 934 illis,
337 862 368 919 in
400 862 506 937 quibus
539 866 625 921 erant
655 864 862 922 antecedentes
891 880 947 936 ap,
975 864 1026 937 dr,
1060 867 1090 920 et

788 953 999 1026 consequentes
1041 953 1090 1026 tp,

69 1049 92 1137 t,
129 1118 132 1121 ,
170 1118 389 1124 ww
789 1058 836 1113 eu3
860 1040 1090 1114 etm0d0,cum

329 1120 331 1138 '
399 1120 423 1124 ”
788 1129 885 1188 voluit
894 1129 1034 1204 dividere,
1043 1129 1087 1186 in·
1102 1140 1130 1179 1⁰

78 1224 110 1313 ²,-
152 1282 465 1318 .---„---.„„-,
477 1297 497 1301 —
518 1296 651 1301 „m-
667 1209 745 1315 &qi
790 1217 1088 1276 venitistaduaante·

790 1306 925 1364 cedentia
966 1309 996 1364 et
1030 1307 1089 1365 duo

75 1397 300 1472 consequentia,
324 1395 437 1454 scilicet
455 1396 513 1454 duo
530 1395 735 1453 antecedentia
754 1413 804 1469 ap,
823 1396 863 1453 de
886 1397 916 1452 et
939 1395 997 1453 duo
1020 1413 1089 1452 con-

76 1485 231 1562 sequentia
254 1487 301 1560 99,
325 1502 368 1559 99,
392 1486 422 1542 et
445 1484 528 1559 dixit,
552 1483 632 1558 quod
655 1483 814 1541 secundum
833 1483 1008 1541 divisionem
1031 1484 1090 1543 erit

76 1575 230 1651 proportio
258 1573 472 1649 superfluitatis
501 1572 700 1631 antecedentis
729 1591 817 1648 super
840 1590 1020 1647 consequens
1051 1573 1090 1630 ad
1103 1582 1130 1623 15

75 1681 257 1738 consequens
276 1663 353 1721 sicut
369 1663 523 1739 proportio
542 1661 756 1737 superfluitatis
779 1661 979 1720 antecedentis
1001 1679 1090 1736 super

75 1771 257 1827 consequens
282 1752 319 1808 ad
342 1770 531 1827 consequens.
573 1749 620 1808 Sit
643 1769 713 1827 ergo
737 1751 911 1826 exemplum.
956 1750 1090 1808 Primum

76 1863 147 1920 ergo
167 1842 224 1899 erit
242 1841 432 1916 superfluitas
452 1840 661 1915 antecedentis,
680 1840 760 1915 quod
778 1842 823 1898 est
842 1859 891 1915 ap,
915 1858 1003 1916 super
1021 1858 1089 1898 con·

77 1949 215 2006 sequens,
244 1929 323 2004 quod
350 1932 396 1988 est
423 1931 471 2004 tp,
492 1932 546 2003 ab,
580 1932 609 1986 et
633 1928 770 1986 similiter
793 1929 981 2005 superfluitas
1006 1932 1089 1987 ante-

79 2020 211 2079 cedentis
234 2018 363 2094 secundi,
388 2018 467 2093 quod
486 2021 531 2076 est
549 2019 596 2092 dr,
620 2035 708 2092 super
726 2036 919 2094 consequeus,
944 2017 1023 2094 quod
1044 2020 1089 2076 est
1103 2028 1131 2067 2⁰

78 2127 124 2184 99,
153 2102 253 2185 <erit>
276 2109 327 2165 de:
360 2127 431 2184 ergo
453 2106 562 2164 redibit
584 2106 738 2181 proportio
760 2108 814 2182 ab,
839 2128 894 2182 que
919 2112 964 2166 est
987 2126 1088 2182 super-

76 2197 189 2272 fluitas,
217 2191 278 2274 <ad
305 2197 356 2271 tp,
390 2215 447 2271 que
470 2198 515 2254 est
537 2213 730 2270 consequens,
757 2196 833 2254 sicut
859 2196 1012 2272 proportio
1041 2198 1089 2272 de,

76 2307 133 2362 que
162 2288 208 2344 est
234 2280 457 2363 superfluitas),
486 2285 523 2342 ad
547 2303 593 2359 99,
622 2303 678 2358 que
706 2286 751 2342 est
774 2303 962 2360 consequens.
1007 2285 1089 2362 Ergo

74 2375 261 2452 quantitates
284 2375 436 2432 redierunt
459 2374 497 2431 ad
520 2373 735 2447 habitudinem,
761 2373 793 2430 in
817 2392 875 2448 qua
899 2377 984 2431 erant
1006 2374 1088 2448 prius

838 2464 907 2520 ante
946 2463 1089 2537 composi·
1103 2471 1131 2512 26

841 2551 961 2609 tionem.

894 2640 1009 2698 Euersa
1017 2658 1090 2714 pro-

519 2737 532 2772 9
782 2721 800 2774 d
835 2731 931 2802 portio
969 2733 1021 2797 est,
1057 2733 1091 2787 ut

594 2869 598 2874 .
839 2822 973 2876 suruatur
1009 2823 1089 2877 aute·
1116 2852 1119 2858 ι

74 2917 179 2974 cedrus
203 2913 242 2970 ad
260 2927 346 2968 suoru
368 2908 597 2980 superfluitatem
618 2925 706 2981 super
729 2899 940 2984 cousequeus.²)
1103 2919 1131 2958 ³⁰

165 3000 291 3074 Dicitur,
311 2997 390 3072 quod
407 2995 560 3071 proportio
580 3015 630 3070 ap,
654 2997 733 3072 quod
750 2996 809 3055 fuit
827 2996 1003 3055 antecedens
1021 3001 1090 3072 post

86 2791 520 2836 i-mae-——ffl-——r
787 2791 791 2828 ι

79 3137 129 3144 ,-,..
150 3130 292 3140 ...-..-—---

148 3214 172 3262 2.
193 3220 275 3275 super
294 3203 502 3269 consequentes.
523 3233 557 3240 —
577 3207 600 3256 7.
621 3200 738 3256 abiectis
757 3200 827 3273 illis]
847 3199 1008 3272 abidillius.

128 3327 292 3336 Δ,-..------

149 3407 175 3474 1)
197 3398 339 3470 Διαίρεσις
356 3397 447 3468 λόγου.
485 3397 584 3451 Versio
602 3397 722 3464 „Dioua
736 3398 896 3466 proportio“
914 3395 998 3449 huius
1017 3393 1091 3447 rela-

74 3475 163 3532 tionis
182 3488 270 3541 usque
290 3471 327 3524 ad
345 3469 489 3524 saeculum
507 3469 571 3522 XVI
590 3484 698 3538 semper
715 3467 745 3521 in
763 3485 816 3521 usu
835 3469 903 3522 erat.

149 3549 176 3615 2)
191 3541 363 3610 Ἀναστροφὴ
382 3540 472 3608 λόγου.
1050 3562 1140 3592 ,—
