<?xml version="1.0" encoding="UTF-8"?>
<!DOCTYPE html PUBLIC "-//W3C//DTD XHTML 1.0 Transitional//EN"
    "http://www.w3.org/TR/xhtml1/DTD/xhtml1-transitional.dtd">
<html xmlns="http://www.w3.org/1999/xhtml" xml:lang="en" lang="en">
 <head>
  <title>
</title>
<meta http-equiv="Content-Type" content="text/html;charset=utf-8" />
  <meta name='ocr-system' content='tesseract 3.04.00' />
  <meta name='ocr-capabilities' content='ocr_page ocr_carea ocr_par ocr_line ocrx_word'/>
</head>
<body>
  <div class='ocr_page' id='page_1' title='image "./euclidisoperaom18unkngoog/euclidisoperaom18unkngoog_0047.png"; bbox 0 0 2408 3848; ppageno 0'>
   <div class='ocr_carea' id='block_1_1' title="bbox 116 174 840 244">
    <p class='ocr_par' dir='ltr' id='par_1_1' title="bbox 116 174 840 244">
     <span class='ocr_line' id='line_1_1' title="bbox 116 174 840 244; baseline -0.006 -12"><span class='ocrx_word' id='word_1_1' title='bbox 116 181 157 244; x_wconf 89' lang='lat'>10</span> <span class='ocrx_word' id='word_1_2' title='bbox 400 176 565 231; x_wconf 81' lang='lat' dir='ltr'>ANARITII</span> <span class='ocrx_word' id='word_1_3' title='bbox 583 174 840 231; x_wconf 84' lang='lat' dir='ltr'><strong>COMMENTARII</strong></span> 
     </span>
    </p>
   </div>
   <div class='ocr_carea' id='block_1_2' title="bbox 86 344 1128 967">
    <p class='ocr_par' dir='ltr' id='par_1_2' title="bbox 86 344 1128 967">
     <span class='ocr_line' id='line_1_2' title="bbox 113 344 1128 422; baseline -0.002 -16"><span class='ocrx_word' id='word_1_4' title='bbox 113 350 301 422; x_wconf 89' lang='lat' dir='ltr'>assumptum</span> <span class='ocrx_word' id='word_1_5' title='bbox 323 347 413 405; x_wconf 87' lang='lat' dir='ltr'>fuerit</span> <span class='ocrx_word' id='word_1_6' title='bbox 436 347 568 421; x_wconf 88' lang='lat' dir='ltr'>spatium</span> <span class='ocrx_word' id='word_1_7' title='bbox 589 344 721 418; x_wconf 85' lang='lat' dir='ltr'>brevius,</span> <span class='ocrx_word' id='word_1_8' title='bbox 751 344 829 419; x_wconf 91' lang='lat' dir='ltr'>quod</span> <span class='ocrx_word' id='word_1_9' title='bbox 853 347 897 402; x_wconf 87' lang='lat' dir='ltr'>est</span> <span class='ocrx_word' id='word_1_10' title='bbox 920 345 1128 419; x_wconf 84' lang='lat' dir='ltr'>interlineas,</span> 
     </span>
     <span class='ocr_line' id='line_1_3' title="bbox 114 433 1127 511; baseline -0.001 -18"><span class='ocrx_word' id='word_1_11' title='bbox 114 455 172 511; x_wconf 88' lang='lat' dir='ltr'>que</span> <span class='ocrx_word' id='word_1_12' title='bbox 196 439 265 494; x_wconf 86' lang='lat' dir='ltr'>sunt</span> <span class='ocrx_word' id='word_1_13' title='bbox 287 435 381 510; x_wconf 89' lang='lat' dir='ltr'>ipsius</span> <span class='ocrx_word' id='word_1_14' title='bbox 404 434 490 508; x_wconf 81' lang='lat' dir='ltr'>fines,</span> <span class='ocrx_word' id='word_1_15' title='bbox 518 435 550 491; x_wconf 91' lang='lat' dir='ltr'>in</span> <span class='ocrx_word' id='word_1_16' title='bbox 573 452 759 508; x_wconf 89' lang='lat' dir='ltr'>quacumque</span> <span class='ocrx_word' id='word_1_17' title='bbox 787 436 872 508; x_wconf 88' lang='lat' dir='ltr'>parte</span> <span class='ocrx_word' id='word_1_18' title='bbox 900 433 995 508; x_wconf 92' lang='lat' dir='ltr'>ipsius</span> <span class='ocrx_word' id='word_1_19' title='bbox 1023 434 1127 507; x_wconf 84' lang='lat' dir='ltr'>fuerit,</span> 
     </span>
     <span class='ocr_line' id='line_1_4' title="bbox 113 521 1128 598; baseline -0.002 -16"><span class='ocrx_word' id='word_1_20' title='bbox 113 526 184 582; x_wconf 91' lang='lat' dir='ltr'>licet</span> <span class='ocrx_word' id='word_1_21' title='bbox 206 525 337 598; x_wconf 85' lang='lat' dir='ltr'>spatium</span> <span class='ocrx_word' id='word_1_22' title='bbox 360 523 488 596; x_wconf 86' lang='lat' dir='ltr'>brevius,</span> <span class='ocrx_word' id='word_1_23' title='bbox 516 522 596 598; x_wconf 92' lang='lat' dir='ltr'>quod</span> <span class='ocrx_word' id='word_1_24' title='bbox 620 525 665 580; x_wconf 93' lang='lat' dir='ltr'>est</span> <span class='ocrx_word' id='word_1_25' title='bbox 691 522 769 579; x_wconf 85' lang='lat' dir='ltr'>inter</span> <span class='ocrx_word' id='word_1_26' title='bbox 796 541 858 596; x_wconf 85' lang='lat' dir='ltr'>eas,</span> <span class='ocrx_word' id='word_1_27' title='bbox 886 522 918 579; x_wconf 90' lang='lat' dir='ltr'>in</span> <span class='ocrx_word' id='word_1_28' title='bbox 945 521 1128 596; x_wconf 90' lang='lat' dir='ltr'>quibusdam</span> 
     </span>
     <span class='ocr_line' id='line_1_5' title="bbox 113 610 1126 687; baseline 0 -17"><span class='ocrx_word' id='word_1_29' title='bbox 113 613 185 672; x_wconf 88' lang='lat' dir='ltr'>locis</span> <span class='ocrx_word' id='word_1_30' title='bbox 213 614 253 671; x_wconf 91' lang='lat' dir='ltr'>sit</span> <span class='ocrx_word' id='word_1_31' title='bbox 279 613 375 670; x_wconf 90' lang='lat' dir='ltr'>maius</span> <span class='ocrx_word' id='word_1_32' title='bbox 404 613 488 670; x_wconf 88' lang='lat' dir='ltr'>etin</span> <span class='ocrx_word' id='word_1_33' title='bbox 511 611 577 670; x_wconf 90' lang='lat' dir='ltr'>aliis</span> <span class='ocrx_word' id='word_1_34' title='bbox 600 612 712 683; x_wconf 84' lang='lat' dir='ltr'>minus,</span> <span class='ocrx_word' id='word_1_35' title='bbox 735 610 903 686; x_wconf 91' lang='lat' dir='ltr'>superficies</span> <span class='ocrx_word' id='word_1_36' title='bbox 927 614 1041 685; x_wconf 83' lang='lat' dir='ltr'>tamen,</span> <span class='ocrx_word' id='word_1_37' title='bbox 1065 630 1126 687; x_wconf 90' lang='lat' dir='ltr'>que</span> 
     </span>
     <span class='ocr_line' id='line_1_6' title="bbox 86 700 875 775; baseline -0.006 -14"><span class='ocrx_word' id='word_1_38' title='bbox 86 706 158 761; x_wconf 71' lang='lat' dir='ltr'>sest</span> <span class='ocrx_word' id='word_1_39' title='bbox 181 702 374 759; x_wconf 87' lang='lat' dir='ltr'>interlineas</span> <span class='ocrx_word' id='word_1_40' title='bbox 397 700 473 773; x_wconf 81' lang='lat' dir='ltr'>illas,</span> <span class='ocrx_word' id='word_1_41' title='bbox 496 700 542 756; x_wconf 94' lang='lat' dir='ltr'>illi</span> <span class='ocrx_word' id='word_1_42' title='bbox 564 700 661 774; x_wconf 88' lang='lat' dir='ltr'>spatio</span> <span class='ocrx_word' id='word_1_43' title='bbox 685 702 730 758; x_wconf 90' lang='lat' dir='ltr'>est</span> <span class='ocrx_word' id='word_1_44' title='bbox 752 700 875 775; x_wconf 80' lang='lat' dir='ltr'>equalis.</span> 
     </span>
     <span class='ocr_line' id='line_1_7' title="bbox 201 776 1126 863; baseline -0.001 -15"><span class='ocrx_word' id='word_1_45' title='bbox 201 791 273 848; x_wconf 81' lang='lat' dir='ltr'>Anu</span> <span class='ocrx_word' id='word_1_46' title='bbox 287 776 395 847; x_wconf 61' lang='lat' dir='ltr'>&#39;autem</span> <span class='ocrx_word' id='word_1_47' title='bbox 418 788 603 847; x_wconf 76' lang='lat' dir='ltr'>diffinierimt</span> <span class='ocrx_word' id='word_1_48' title='bbox 626 787 808 863; x_wconf 84' lang='lat' dir='ltr'>superficiem</span> <span class='ocrx_word' id='word_1_49' title='bbox 834 789 956 862; x_wconf 80' lang='lat' dir='ltr'><strong>planam</strong></span> <span class='ocrx_word' id='word_1_50' title='bbox 980 787 1126 848; x_wconf 87' lang='lat' dir='ltr'>dicentes:</span> 
     </span>
     <span class='ocr_line' id='line_1_8' title="bbox 114 876 1126 967; baseline 0 -31"><span class='ocrx_word' id='word_1_51' title='bbox 114 878 335 954; x_wconf 68' lang='lat' dir='ltr'>superficies</span> <span class='ocrx_word' id='word_1_52' title='bbox 364 879 472 953; x_wconf 89' lang='lat' dir='ltr'>plana</span> <span class='ocrx_word' id='word_1_53' title='bbox 501 881 567 951; x_wconf 86' lang='lat' dir='ltr'>est,</span> <span class='ocrx_word' id='word_1_54' title='bbox 596 878 628 934; x_wconf 93' lang='lat' dir='ltr'>in</span> <span class='ocrx_word' id='word_1_55' title='bbox 656 895 725 967; x_wconf 76' lang='lat' dir='ltr'>qua</span> <span class='ocrx_word' id='word_1_56' title='bbox 751 876 926 952; x_wconf 89' lang='lat' dir='ltr'>possibile</span> <span class='ocrx_word' id='word_1_57' title='bbox 956 878 1126 952; x_wconf 87' lang='lat' dir='ltr'>protrahi</span> 
     </span>
    </p>
   </div>
   <div class='ocr_carea' id='block_1_3' title="bbox 70 965 1127 3351">
    <p class='ocr_par' dir='ltr' id='par_1_3' title="bbox 70 965 1127 3351">
     <span class='ocr_line' id='line_1_9' title="bbox 113 965 1125 1042; baseline -0.002 -16"><span class='ocrx_word' id='word_1_58' title='bbox 113 968 155 1026; x_wconf 91' lang='lat' dir='ltr'>ab</span> <span class='ocrx_word' id='word_1_59' title='bbox 179 968 271 1027; x_wconf 93' lang='lat' dir='ltr'>omni</span> <span class='ocrx_word' id='word_1_60' title='bbox 294 971 426 1042; x_wconf 91' lang='lat' dir='ltr'>puncto</span> <span class='ocrx_word' id='word_1_61' title='bbox 450 965 493 1024; x_wconf 94' lang='lat' dir='ltr'>ad</span> <span class='ocrx_word' id='word_1_62' title='bbox 516 985 614 1025; x_wconf 90' lang='lat' dir='ltr'>omne</span> <span class='ocrx_word' id='word_1_63' title='bbox 633 969 804 1041; x_wconf 90' lang='lat' dir='ltr'>punctum</span> <span class='ocrx_word' id='word_1_64' title='bbox 827 965 960 1023; x_wconf 91' lang='lat' dir='ltr'>lineam</span> <span class='ocrx_word' id='word_1_65' title='bbox 980 969 1125 1024; x_wconf 87' lang='lat' dir='ltr'>rectam.</span> 
     </span>
     <span class='ocr_line' id='line_1_10' title="bbox 112 1053 1127 1132; baseline 0 -18"><span class='ocrx_word' id='word_1_66' title='bbox 112 1056 175 1114; x_wconf 88' lang='lat' dir='ltr'>Hec</span> <span class='ocrx_word' id='word_1_67' title='bbox 189 1075 306 1132; x_wconf 91' lang='lat' dir='ltr'>quoque</span> <span class='ocrx_word' id='word_1_68' title='bbox 320 1055 512 1115; x_wconf 87' lang='lat' dir='ltr'>diffinitiones</span> <span class='ocrx_word' id='word_1_69' title='bbox 528 1074 627 1115; x_wconf 88' lang='lat' dir='ltr'>omnes</span> <span class='ocrx_word' id='word_1_70' title='bbox 642 1053 794 1112; x_wconf 88' lang='lat' dir='ltr'>diffiniunt</span> <span class='ocrx_word' id='word_1_71' title='bbox 807 1054 992 1129; x_wconf 87' lang='lat' dir='ltr'>superficiem</span> <span class='ocrx_word' id='word_1_72' title='bbox 1001 1055 1127 1130; x_wconf 90' lang='lat' dir='ltr'>planam</span> 
     </span>
     <span class='ocr_line' id='line_1_11' title="bbox 73 1143 1125 1220; baseline 0 -17"><span class='ocrx_word' id='word_1_73' title='bbox 73 1159 99 1197; x_wconf 78' lang='grc' dir='ltr'>ιο</span> <span class='ocrx_word' id='word_1_74' title='bbox 114 1164 242 1220; x_wconf 78' lang='lat' dir='ltr'>omnem,</span> <span class='ocrx_word' id='word_1_75' title='bbox 271 1149 301 1203; x_wconf 87' lang='lat' dir='ltr'>et</span> <span class='ocrx_word' id='word_1_76' title='bbox 323 1164 383 1203; x_wconf 92' lang='lat' dir='ltr'>non</span> <span class='ocrx_word' id='word_1_77' title='bbox 406 1145 503 1204; x_wconf 88' lang='lat' dir='ltr'>solum</span> <span class='ocrx_word' id='word_1_78' title='bbox 526 1143 722 1219; x_wconf 85' lang='lat' dir='ltr'>superficiem,</span> <span class='ocrx_word' id='word_1_79' title='bbox 749 1161 840 1218; x_wconf 90' lang='lat' dir='ltr'>quam</span> <span class='ocrx_word' id='word_1_80' title='bbox 867 1146 945 1201; x_wconf 85' lang='lat' dir='ltr'>recte</span> <span class='ocrx_word' id='word_1_81' title='bbox 969 1144 1125 1203; x_wconf 77' lang='lat' dir='ltr'>continent</span> 
     </span>
     <span class='ocr_line' id='line_1_12' title="bbox 112 1230 1127 1310; baseline 0 -19"><span class='ocrx_word' id='word_1_82' title='bbox 112 1235 198 1309; x_wconf 88' lang='lat' dir='ltr'>linee,</span> <span class='ocrx_word' id='word_1_83' title='bbox 221 1253 311 1310; x_wconf 95' lang='lat' dir='ltr'>quam</span> <span class='ocrx_word' id='word_1_84' title='bbox 333 1233 491 1293; x_wconf 81' lang='lat' dir='ltr'>Eucnmus</span> <span class='ocrx_word' id='word_1_85' title='bbox 511 1233 638 1292; x_wconf 89' lang='lat' dir='ltr'>diffinire</span> <span class='ocrx_word' id='word_1_86' title='bbox 656 1232 762 1304; x_wconf 77' lang='lat' dir='ltr'>voluit,</span> <span class='ocrx_word' id='word_1_87' title='bbox 785 1250 851 1289; x_wconf 90' lang='lat' dir='ltr'>cum</span> <span class='ocrx_word' id='word_1_88' title='bbox 870 1230 953 1306; x_wconf 76' lang='lat' dir='ltr'>dixit,</span> <span class='ocrx_word' id='word_1_89' title='bbox 976 1232 1056 1307; x_wconf 91' lang='lat' dir='ltr'>quod</span> <span class='ocrx_word' id='word_1_90' title='bbox 1080 1236 1127 1292; x_wconf 90' lang='lat' dir='ltr'>est</span> 
     </span>
     <span class='ocr_line' id='line_1_13' title="bbox 113 1321 1124 1398; baseline 0 -18"><span class='ocrx_word' id='word_1_91' title='bbox 113 1324 219 1398; x_wconf 88' lang='lat' dir='ltr'>equale</span> <span class='ocrx_word' id='word_1_92' title='bbox 238 1324 344 1398; x_wconf 86' lang='lat' dir='ltr'>spatio,</span> <span class='ocrx_word' id='word_1_93' title='bbox 368 1322 448 1398; x_wconf 93' lang='lat' dir='ltr'>quod</span> <span class='ocrx_word' id='word_1_94' title='bbox 466 1327 511 1382; x_wconf 90' lang='lat' dir='ltr'>est</span> <span class='ocrx_word' id='word_1_95' title='bbox 529 1324 607 1380; x_wconf 88' lang='lat' dir='ltr'>inter</span> <span class='ocrx_word' id='word_1_96' title='bbox 624 1325 720 1380; x_wconf 91' lang='lat' dir='ltr'>rectas</span> <span class='ocrx_word' id='word_1_97' title='bbox 738 1321 841 1395; x_wconf 79' lang='lat' dir='ltr'>lineaS,</span> <span class='ocrx_word' id='word_1_98' title='bbox 864 1321 945 1396; x_wconf 90' lang='lat' dir='ltr'>quod</span> <span class='ocrx_word' id='word_1_99' title='bbox 963 1321 1026 1395; x_wconf 88' lang='lat' dir='ltr'>ipse</span> <span class='ocrx_word' id='word_1_100' title='bbox 1045 1340 1124 1380; x_wconf 88' lang='lat' dir='ltr'>eom·</span> 
     </span>
     <span class='ocr_line' id='line_1_14' title="bbox 112 1409 1126 1488; baseline -0.001 -19"><span class='ocrx_word' id='word_1_101' title='bbox 112 1411 306 1487; x_wconf 88' lang='lat' dir='ltr'>prehendunt.</span> <span class='ocrx_word' id='word_1_102' title='bbox 353 1411 544 1488; x_wconf 83' lang='lat' dir='ltr'>Superficiem</span> <span class='ocrx_word' id='word_1_103' title='bbox 567 1412 661 1487; x_wconf 87' lang='lat' dir='ltr'>igitur</span> <span class='ocrx_word' id='word_1_104' title='bbox 678 1409 839 1467; x_wconf 90' lang='lat' dir='ltr'>rotundam</span> <span class='ocrx_word' id='word_1_105' title='bbox 861 1409 938 1467; x_wconf 91' lang='lat' dir='ltr'>linee</span> <span class='ocrx_word' id='word_1_106' title='bbox 960 1414 1040 1468; x_wconf 88' lang='lat' dir='ltr'>recte</span> <span class='ocrx_word' id='word_1_107' title='bbox 1064 1429 1126 1468; x_wconf 90' lang='lat' dir='ltr'>non</span> 
     </span>
     <span class='ocr_line' id='line_1_15' title="bbox 113 1497 1125 1576; baseline -0.001 -18"><span class='ocrx_word' id='word_1_108' title='bbox 113 1500 377 1576; x_wconf 81' lang='lat' dir='ltr'>comprehendunt3</span> <span class='ocrx_word' id='word_1_109' title='bbox 400 1501 569 1576; x_wconf 89' lang='lat' dir='ltr'>superficies</span> <span class='ocrx_word' id='word_1_110' title='bbox 593 1517 711 1575; x_wconf 89' lang='lat' dir='ltr'>quoque</span> <span class='ocrx_word' id='word_1_111' title='bbox 729 1497 908 1573; x_wconf 90' lang='lat' dir='ltr'>compositas</span> <span class='ocrx_word' id='word_1_112' title='bbox 927 1517 987 1556; x_wconf 91' lang='lat' dir='ltr'>non</span> <span class='ocrx_word' id='word_1_113' title='bbox 1004 1502 1125 1557; x_wconf 88' lang='lat' dir='ltr'>tantum</span> 
     </span>
     <span class='ocr_line' id='line_1_16' title="bbox 72 1584 1124 1666; baseline 0.001 -20"><span class='ocrx_word' id='word_1_114' title='bbox 72 1601 98 1642; x_wconf 84' lang='lat'>15</span> <span class='ocrx_word' id='word_1_115' title='bbox 111 1594 190 1649; x_wconf 86' lang='lat' dir='ltr'>recte</span> <span class='ocrx_word' id='word_1_116' title='bbox 213 1590 466 1666; x_wconf 88' lang='lat' dir='ltr'>comprehendunt</span> <span class='ocrx_word' id='word_1_117' title='bbox 488 1589 573 1646; x_wconf 90' lang='lat' dir='ltr'>linee.</span> <span class='ocrx_word' id='word_1_118' title='bbox 621 1584 747 1662; x_wconf 75' lang='lat' dir='ltr'>Oportet</span> <span class='ocrx_word' id='word_1_119' title='bbox 770 1590 869 1645; x_wconf 87' lang='lat' dir='ltr'>autem</span> <span class='ocrx_word' id='word_1_120' title='bbox 887 1605 941 1646; x_wconf 88' lang='lat' dir='ltr'>nos</span> <span class='ocrx_word' id='word_1_121' title='bbox 964 1587 1048 1662; x_wconf 88' lang='lat' dir='ltr'>scire,</span> <span class='ocrx_word' id='word_1_122' title='bbox 1072 1607 1124 1647; x_wconf 85' lang='lat' dir='ltr'>an·</span> 
     </span>
     <span class='ocr_line' id='line_1_17' title="bbox 111 1675 1125 1754; baseline -0.001 -17"><span class='ocrx_word' id='word_1_123' title='bbox 111 1679 210 1754; x_wconf 90' lang='lat' dir='ltr'>tiquos</span> <span class='ocrx_word' id='word_1_124' title='bbox 234 1679 420 1739; x_wconf 80' lang='lat' dir='ltr'>consuevisse</span> <span class='ocrx_word' id='word_1_125' title='bbox 443 1677 595 1736; x_wconf 89' lang='lat' dir='ltr'>nominare</span> <span class='ocrx_word' id='word_1_126' title='bbox 622 1695 707 1734; x_wconf 92' lang='lat' dir='ltr'>omne</span> <span class='ocrx_word' id='word_1_127' title='bbox 730 1676 855 1750; x_wconf 83' lang='lat' dir='ltr'>planum</span> <span class='ocrx_word' id='word_1_128' title='bbox 877 1675 1070 1751; x_wconf 84' lang='lat' dir='ltr'>superficiem,</span> <span class='ocrx_word' id='word_1_129' title='bbox 1094 1680 1125 1736; x_wconf 90' lang='lat' dir='ltr'>et</span> 
     </span>
     <span class='ocr_line' id='line_1_18' title="bbox 111 1764 1124 1843; baseline -0.003 -16"><span class='ocrx_word' id='word_1_130' title='bbox 111 1769 244 1843; x_wconf 90' lang='lat' dir='ltr'>posuisse</span> <span class='ocrx_word' id='word_1_131' title='bbox 268 1769 299 1824; x_wconf 93' lang='lat' dir='ltr'>in</span> <span class='ocrx_word' id='word_1_132' title='bbox 322 1766 465 1841; x_wconf 71' lang='lat' dir='ltr'>divisione</span> <span class='ocrx_word' id='word_1_133' title='bbox 493 1764 663 1840; x_wconf 93' lang='lat' dir='ltr'>oppositum</span> <span class='ocrx_word' id='word_1_134' title='bbox 690 1765 814 1839; x_wconf 85' lang='lat' dir='ltr'>corpori.</span> <span class='ocrx_word' id='word_1_135' title='bbox 864 1765 1025 1823; x_wconf 80' lang='lat' dir='ltr'>Eucurnns</span> <span class='ocrx_word' id='word_1_136' title='bbox 1052 1785 1124 1824; x_wconf 86' lang='lat' dir='ltr'>vero</span> 
     </span>
     <span class='ocr_line' id='line_1_19' title="bbox 111 1853 1125 1931; baseline -0.002 -16"><span class='ocrx_word' id='word_1_137' title='bbox 111 1877 170 1915; x_wconf 91' lang='lat' dir='ltr'>non</span> <span class='ocrx_word' id='word_1_138' title='bbox 197 1857 297 1931; x_wconf 90' lang='lat' dir='ltr'>posuit</span> <span class='ocrx_word' id='word_1_139' title='bbox 324 1854 448 1929; x_wconf 89' lang='lat' dir='ltr'>planum</span> <span class='ocrx_word' id='word_1_140' title='bbox 475 1853 533 1912; x_wconf 91' lang='lat' dir='ltr'>nisi</span> <span class='ocrx_word' id='word_1_141' title='bbox 559 1871 613 1928; x_wconf 93' lang='lat' dir='ltr'>pro</span> <span class='ocrx_word' id='word_1_142' title='bbox 642 1853 738 1928; x_wconf 88' lang='lat' dir='ltr'>speeie</span> <span class='ocrx_word' id='word_1_143' title='bbox 761 1853 941 1929; x_wconf 79' lang='lat' dir='ltr'>superficiei,</span> <span class='ocrx_word' id='word_1_144' title='bbox 974 1856 1004 1910; x_wconf 89' lang='lat' dir='ltr'>et</span> <span class='ocrx_word' id='word_1_145' title='bbox 1026 1855 1125 1913; x_wconf 87' lang='lat' dir='ltr'>voluit</span> 
     </span>
     <span class='ocr_line' id='line_1_20' title="bbox 112 1941 1125 2017; baseline 0 -15"><span class='ocrx_word' id='word_1_146' title='bbox 112 1962 179 2002; x_wconf 87' lang='lat' dir='ltr'>cum</span> <span class='ocrx_word' id='word_1_147' title='bbox 207 1963 254 2017; x_wconf 87' lang='lat' dir='ltr'>eo,</span> <span class='ocrx_word' id='word_1_148' title='bbox 286 1943 448 2001; x_wconf 91' lang='lat' dir='ltr'>secundum</span> <span class='ocrx_word' id='word_1_149' title='bbox 474 1943 542 2017; x_wconf 77' lang='lat' dir='ltr'>hoe,</span> <span class='ocrx_word' id='word_1_150' title='bbox 570 1941 652 2017; x_wconf 91' lang='lat' dir='ltr'>quod</span> <span class='ocrx_word' id='word_1_151' title='bbox 678 1942 796 2000; x_wconf 88' lang='lat' dir='ltr'>videtur</span> <span class='ocrx_word' id='word_1_152' title='bbox 823 1962 858 2000; x_wconf 87' lang='lat' dir='ltr'>ex</span> <span class='ocrx_word' id='word_1_153' title='bbox 885 1942 972 2000; x_wconf 87' lang='lat' dir='ltr'>dictis</span> <span class='ocrx_word' id='word_1_154' title='bbox 1000 1943 1064 2002; x_wconf 89' lang='lat' dir='ltr'>eius</span> <span class='ocrx_word' id='word_1_155' title='bbox 1093 1943 1125 2002; x_wconf 88' lang='lat' dir='ltr'>in</span> 
     </span>
     <span class='ocr_line' id='line_1_21' title="bbox 70 2030 1125 2107; baseline 0.005 -21"><span class='ocrx_word' id='word_1_156' title='bbox 70 2047 98 2086; x_wconf 80' lang='lat' dir='ltr'>so</span> <span class='ocrx_word' id='word_1_157' title='bbox 111 2032 288 2090; x_wconf 87' lang='lat' dir='ltr'>diffinitione</span> <span class='ocrx_word' id='word_1_158' title='bbox 311 2031 484 2107; x_wconf 83' lang='lat' dir='ltr'>superficiei,</span> <span class='ocrx_word' id='word_1_159' title='bbox 507 2035 542 2089; x_wconf 92' lang='lat' dir='ltr'>ut</span> <span class='ocrx_word' id='word_1_160' title='bbox 565 2034 642 2090; x_wconf 88' lang='lat' dir='ltr'>esset</span> <span class='ocrx_word' id='word_1_161' title='bbox 659 2031 736 2089; x_wconf 90' lang='lat' dir='ltr'>illud</span> <span class='ocrx_word' id='word_1_162' title='bbox 753 2030 835 2106; x_wconf 91' lang='lat' dir='ltr'>quod</span> <span class='ocrx_word' id='word_1_163' title='bbox 852 2031 930 2088; x_wconf 90' lang='lat' dir='ltr'>linee</span> <span class='ocrx_word' id='word_1_164' title='bbox 947 2034 1027 2090; x_wconf 87' lang='lat' dir='ltr'>reete</span> <span class='ocrx_word' id='word_1_165' title='bbox 1046 2051 1125 2091; x_wconf 86' lang='lat' dir='ltr'>com·</span> 
     </span>
     <span class='ocr_line' id='line_1_22' title="bbox 111 2115 1126 2196; baseline 0.003 -18"><span class='ocrx_word' id='word_1_166' title='bbox 111 2121 306 2196; x_wconf 85' lang='lat' dir='ltr'>prehendunt.</span> <span class='ocrx_word' id='word_1_167' title='bbox 344 2119 402 2178; x_wconf 82' lang='lat' dir='ltr'>Sed</span> <span class='ocrx_word' id='word_1_168' title='bbox 420 2121 583 2179; x_wconf 88' lang='lat' dir='ltr'>secundum</span> <span class='ocrx_word' id='word_1_169' title='bbox 601 2120 665 2193; x_wconf 87' lang='lat' dir='ltr'>hoc,</span> <span class='ocrx_word' id='word_1_170' title='bbox 683 2119 764 2194; x_wconf 94' lang='lat' dir='ltr'>quod</span> <span class='ocrx_word' id='word_1_171' title='bbox 777 2119 896 2178; x_wconf 83' lang='lat' dir='ltr'>videtur</span> <span class='ocrx_word' id='word_1_172' title='bbox 911 2139 946 2177; x_wconf 87' lang='lat' dir='ltr'>ex</span> <span class='ocrx_word' id='word_1_173' title='bbox 959 2120 1023 2195; x_wconf 87' lang='lat' dir='ltr'>hoc,</span> <span class='ocrx_word' id='word_1_174' title='bbox 1035 2115 1126 2195; x_wconf 77' lang='lat' dir='ltr'>&#39;quod</span> 
     </span>
     <span class='ocr_line' id='line_1_23' title="bbox 111 2208 1125 2284; baseline 0 -16"><span class='ocrx_word' id='word_1_175' title='bbox 111 2211 185 2269; x_wconf 92' lang='lat' dir='ltr'>alias</span> <span class='ocrx_word' id='word_1_176' title='bbox 204 2209 372 2284; x_wconf 87' lang='lat' dir='ltr'>superficies</span> <span class='ocrx_word' id='word_1_177' title='bbox 392 2209 512 2282; x_wconf 83' lang='lat' dir='ltr'>dimisit,</span> <span class='ocrx_word' id='word_1_178' title='bbox 531 2227 590 2267; x_wconf 91' lang='lat' dir='ltr'>non</span> <span class='ocrx_word' id='word_1_179' title='bbox 608 2208 706 2268; x_wconf 87' lang='lat' dir='ltr'>voluit</span> <span class='ocrx_word' id='word_1_180' title='bbox 724 2209 790 2283; x_wconf 83' lang='lat' dir='ltr'>nisi,</span> <span class='ocrx_word' id='word_1_181' title='bbox 809 2208 890 2284; x_wconf 92' lang='lat' dir='ltr'>quod</span> <span class='ocrx_word' id='word_1_182' title='bbox 908 2209 1002 2268; x_wconf 90' lang='lat' dir='ltr'>omnis</span> <span class='ocrx_word' id='word_1_183' title='bbox 1021 2228 1125 2284; x_wconf 92' lang='lat' dir='ltr'>super·</span> 
     </span>
     <span class='ocr_line' id='line_1_24' title="bbox 110 2297 1125 2374; baseline 0.003 -18"><span class='ocrx_word' id='word_1_184' title='bbox 110 2299 198 2374; x_wconf 81' lang='lat' dir='ltr'>ficies,</span> <span class='ocrx_word' id='word_1_185' title='bbox 221 2302 311 2373; x_wconf 83' lang='lat' dir='ltr'>super</span> <span class='ocrx_word' id='word_1_186' title='bbox 334 2317 425 2373; x_wconf 92' lang='lat' dir='ltr'>quam</span> <span class='ocrx_word' id='word_1_187' title='bbox 447 2302 528 2357; x_wconf 88' lang='lat' dir='ltr'>rect-a</span> <span class='ocrx_word' id='word_1_188' title='bbox 551 2298 630 2355; x_wconf 86' lang='lat' dir='ltr'>linea</span> <span class='ocrx_word' id='word_1_189' title='bbox 648 2298 748 2372; x_wconf 88' lang='lat' dir='ltr'>posita</span> <span class='ocrx_word' id='word_1_190' title='bbox 766 2298 857 2356; x_wconf 88' lang='lat' dir='ltr'>fuerit</span> <span class='ocrx_word' id='word_1_191' title='bbox 876 2297 1008 2372; x_wconf 91' lang='lat' dir='ltr'>quolibet</span> <span class='ocrx_word' id='word_1_192' title='bbox 1026 2299 1125 2374; x_wconf 84' lang='lat' dir='ltr'>modo,</span> 
     </span>
     <span class='ocr_line' id='line_1_25' title="bbox 111 2386 1125 2461; baseline 0 -15"><span class='ocrx_word' id='word_1_193' title='bbox 111 2388 150 2447; x_wconf 90' lang='lat' dir='ltr'>sit</span> <span class='ocrx_word' id='word_1_194' title='bbox 173 2388 330 2446; x_wconf 86' lang='lat' dir='ltr'>coniuncta</span> <span class='ocrx_word' id='word_1_195' title='bbox 354 2405 422 2446; x_wconf 89' lang='lat' dir='ltr'>cum</span> <span class='ocrx_word' id='word_1_196' title='bbox 445 2405 479 2445; x_wconf 90' lang='lat' dir='ltr'>ea</span> <span class='ocrx_word' id='word_1_197' title='bbox 498 2386 609 2461; x_wconf 85' lang='lat' dir='ltr'>absque</span> <span class='ocrx_word' id='word_1_198' title='bbox 629 2386 818 2461; x_wconf 88' lang='lat' dir='ltr'>dimensione,</span> <span class='ocrx_word' id='word_1_199' title='bbox 842 2386 962 2461; x_wconf 89' lang='lat' dir='ltr'>adhoc,</span> <span class='ocrx_word' id='word_1_200' title='bbox 986 2390 1021 2444; x_wconf 87' lang='lat' dir='ltr'>ut</span> <span class='ocrx_word' id='word_1_201' title='bbox 1039 2386 1125 2446; x_wconf 90' lang='lat' dir='ltr'>fieret</span> 
     </span>
     <span class='ocr_line' id='line_1_26' title="bbox 70 2475 1126 2553; baseline 0.005 -23"><span class='ocrx_word' id='word_1_202' title='bbox 70 2490 96 2531; x_wconf 77' lang='lat' dir='ltr'>ss</span> <span class='ocrx_word' id='word_1_203' title='bbox 111 2478 247 2552; x_wconf 89' lang='lat' dir='ltr'>opposita</span> <span class='ocrx_word' id='word_1_204' title='bbox 270 2476 467 2535; x_wconf 87' lang='lat' dir='ltr'>indivisione</span> <span class='ocrx_word' id='word_1_205' title='bbox 490 2475 656 2550; x_wconf 87' lang='lat' dir='ltr'>superficiei</span> <span class='ocrx_word' id='word_1_206' title='bbox 678 2475 789 2553; x_wconf 83' lang='lat' dir='ltr'>sperice</span> <span class='ocrx_word' id='word_1_207' title='bbox 818 2479 849 2533; x_wconf 90' lang='lat' dir='ltr'>et</span> <span class='ocrx_word' id='word_1_208' title='bbox 874 2475 983 2549; x_wconf 81' lang='lat' dir='ltr'>medie,</span> <span class='ocrx_word' id='word_1_209' title='bbox 1011 2476 1126 2535; x_wconf 89' lang='lat' dir='ltr'>scilicet</span> 
     </span>
     <span class='ocr_line' id='line_1_27' title="bbox 110 2563 1124 2641; baseline 0.001 -17"><span class='ocrx_word' id='word_1_210' title='bbox 110 2566 235 2641; x_wconf 88' lang='lat' dir='ltr'>simplici</span> <span class='ocrx_word' id='word_1_211' title='bbox 262 2569 291 2623; x_wconf 87' lang='lat' dir='ltr'>et</span> <span class='ocrx_word' id='word_1_212' title='bbox 313 2566 482 2640; x_wconf 85' lang='lat' dir='ltr'>composite.</span> <span class='ocrx_word' id='word_1_213' title='bbox 529 2565 569 2622; x_wconf 78' lang='lat' dir='ltr'>ut</span> <span class='ocrx_word' id='word_1_214' title='bbox 596 2563 709 2623; x_wconf 87' lang='lat' dir='ltr'>dimisit</span> <span class='ocrx_word' id='word_1_215' title='bbox 732 2583 831 2622; x_wconf 89' lang='lat' dir='ltr'>omnes</span> <span class='ocrx_word' id='word_1_216' title='bbox 855 2564 929 2622; x_wconf 90' lang='lat' dir='ltr'>alias</span> <span class='ocrx_word' id='word_1_217' title='bbox 954 2564 1124 2640; x_wconf 91' lang='lat' dir='ltr'>superficies</span> 
     </span>
     <span class='ocr_line' id='line_1_28' title="bbox 110 2652 1124 2729; baseline 0 -17"><span class='ocrx_word' id='word_1_218' title='bbox 110 2656 187 2712; x_wconf 91' lang='lat' dir='ltr'>sicut</span> <span class='ocrx_word' id='word_1_219' title='bbox 209 2653 393 2729; x_wconf 81' lang='lat' dir='ltr'>superficiem</span> <span class='ocrx_word' id='word_1_220' title='bbox 416 2654 571 2728; x_wconf 88' lang='lat' dir='ltr'>columpne</span> <span class='ocrx_word' id='word_1_221' title='bbox 595 2656 625 2711; x_wconf 89' lang='lat' dir='ltr'>et</span> <span class='ocrx_word' id='word_1_222' title='bbox 647 2652 813 2728; x_wconf 85' lang='lat' dir='ltr'>piramidis,</span> <span class='ocrx_word' id='word_1_223' title='bbox 842 2672 875 2712; x_wconf 88' lang='lat' dir='ltr'>eo</span> <span class='ocrx_word' id='word_1_224' title='bbox 900 2654 980 2728; x_wconf 92' lang='lat' dir='ltr'>quod</span> <span class='ocrx_word' id='word_1_225' title='bbox 1003 2653 1124 2712; x_wconf 80' lang='grc'><strong>11111111-</strong></span> 
     </span>
     <span class='ocr_line' id='line_1_29' title="bbox 108 2741 1125 2821; baseline -0.001 -18"><span class='ocrx_word' id='word_1_226' title='bbox 108 2745 297 2821; x_wconf 68' lang='lat' dir='ltr'>telligimur,</span> <span class='ocrx_word' id='word_1_227' title='bbox 316 2747 345 2801; x_wconf 92' lang='lat' dir='ltr'>et</span> <span class='ocrx_word' id='word_1_228' title='bbox 362 2743 458 2802; x_wconf 89' lang='lat' dir='ltr'>voluit</span> <span class='ocrx_word' id='word_1_229' title='bbox 471 2743 636 2818; x_wconf 87' lang='lat' dir='ltr'>intelligere</span> <span class='ocrx_word' id='word_1_230' title='bbox 655 2741 823 2817; x_wconf 85' lang='lat' dir='ltr'>superficies</span> <span class='ocrx_word' id='word_1_231' title='bbox 841 2743 956 2817; x_wconf 87' lang='lat' dir='ltr'>planas,</span> <span class='ocrx_word' id='word_1_232' title='bbox 975 2761 1033 2817; x_wconf 92' lang='lat' dir='ltr'>que</span> <span class='ocrx_word' id='word_1_233' title='bbox 1053 2747 1125 2802; x_wconf 88' lang='lat' dir='ltr'>sunt</span> 
     </span>
     <span class='ocr_line' id='line_1_30' title="bbox 109 2829 1124 2906; baseline -0.001 -15"><span class='ocrx_word' id='word_1_234' title='bbox 109 2832 238 2891; x_wconf 90' lang='lat' dir='ltr'>incubo</span> <span class='ocrx_word' id='word_1_235' title='bbox 263 2835 292 2890; x_wconf 90' lang='lat' dir='ltr'>et</span> <span class='ocrx_word' id='word_1_236' title='bbox 313 2831 434 2890; x_wconf 82' lang='lat' dir='ltr'>basibus</span> <span class='ocrx_word' id='word_1_237' title='bbox 458 2831 684 2906; x_wconf 83' lang='lat' dir='ltr'>columpnarum</span> <span class='ocrx_word' id='word_1_238' title='bbox 707 2833 737 2888; x_wconf 87' lang='lat' dir='ltr'>ot</span> <span class='ocrx_word' id='word_1_239' title='bbox 755 2831 941 2905; x_wconf 89' lang='lat' dir='ltr'>piramidum.</span> <span class='ocrx_word' id='word_1_240' title='bbox 988 2829 1074 2900; x_wconf 80' lang='lat' dir='ltr'>Quod</span> <span class='ocrx_word' id='word_1_241' title='bbox 1098 2832 1124 2890; x_wconf 92' lang='lat' dir='ltr'>si</span> 
     </span>
     <span class='ocr_line' id='line_1_31' title="bbox 70 2918 1124 2997; baseline 0.004 -23"><span class='ocrx_word' id='word_1_242' title='bbox 70 2934 96 2974; x_wconf 84' lang='lat' dir='ltr'>ao</span> <span class='ocrx_word' id='word_1_243' title='bbox 111 2922 176 2997; x_wconf 91' lang='lat' dir='ltr'>quis</span> <span class='ocrx_word' id='word_1_244' title='bbox 199 2921 329 2980; x_wconf 88' lang='lat' dir='ltr'>voluerit</span> <span class='ocrx_word' id='word_1_245' title='bbox 350 2920 489 2978; x_wconf 87' lang='lat' dir='ltr'>reducere</span> <span class='ocrx_word' id='word_1_246' title='bbox 512 2919 587 2977; x_wconf 91' lang='lat' dir='ltr'>hanc</span> <span class='ocrx_word' id='word_1_247' title='bbox 611 2918 819 2978; x_wconf 90' lang='lat' dir='ltr'>diffinitionem</span> <span class='ocrx_word' id='word_1_248' title='bbox 842 2920 880 2977; x_wconf 92' lang='lat' dir='ltr'>ad</span> <span class='ocrx_word' id='word_1_249' title='bbox 903 2920 972 2993; x_wconf 83' lang='lat' dir='ltr'>hoc,</span> <span class='ocrx_word' id='word_1_250' title='bbox 1000 2923 1035 2978; x_wconf 90' lang='lat' dir='ltr'>ut</span> <span class='ocrx_word' id='word_1_251' title='bbox 1062 2939 1124 2979; x_wconf 88' lang='lat' dir='ltr'>non</span> 
     </span>
     <span class='ocr_line' id='line_1_32' title="bbox 109 3007 1124 3084; baseline -0.003 -15"><span class='ocrx_word' id='word_1_252' title='bbox 109 3011 204 3070; x_wconf 90' lang='lat' dir='ltr'>solum</span> <span class='ocrx_word' id='word_1_253' title='bbox 227 3010 267 3067; x_wconf 92' lang='lat' dir='ltr'>sit</span> <span class='ocrx_word' id='word_1_254' title='bbox 289 3008 522 3084; x_wconf 83' lang='lat' dir='ltr'>superficierum,</span> <span class='ocrx_word' id='word_1_255' title='bbox 552 3027 625 3084; x_wconf 89' lang='lat' dir='ltr'>quas</span> <span class='ocrx_word' id='word_1_256' title='bbox 653 3011 731 3066; x_wconf 88' lang='lat' dir='ltr'>recte</span> <span class='ocrx_word' id='word_1_257' title='bbox 755 3007 1008 3083; x_wconf 86' lang='lat' dir='ltr'>comprehendunt</span> <span class='ocrx_word' id='word_1_258' title='bbox 1035 3008 1124 3084; x_wconf 72' lang='lat' dir='ltr'>lineo,</span> 
     </span>
     <span class='ocr_line' id='line_1_33' title="bbox 110 3096 1123 3173; baseline -0.002 -15"><span class='ocrx_word' id='word_1_259' title='bbox 110 3100 160 3158; x_wconf 91' lang='lat' dir='ltr'>sed</span> <span class='ocrx_word' id='word_1_260' title='bbox 179 3099 270 3157; x_wconf 90' lang='lat' dir='ltr'>etiam</span> <span class='ocrx_word' id='word_1_261' title='bbox 289 3097 509 3173; x_wconf 89' lang='lat' dir='ltr'>superficierum</span> <span class='ocrx_word' id='word_1_262' title='bbox 527 3096 721 3156; x_wconf 89' lang='lat' dir='ltr'>rotundarum</span> <span class='ocrx_word' id='word_1_263' title='bbox 740 3100 770 3154; x_wconf 90' lang='lat' dir='ltr'>et</span> <span class='ocrx_word' id='word_1_264' title='bbox 788 3097 961 3172; x_wconf 83' lang='lat' dir='ltr'>mediarum,</span> <span class='ocrx_word' id='word_1_265' title='bbox 980 3098 1123 3156; x_wconf 89' lang='lat' dir='ltr'>immutat</span> 
     </span>
     <span class='ocr_line' id='line_1_34' title="bbox 110 3184 1123 3263; baseline -0.001 -17"><span class='ocrx_word' id='word_1_266' title='bbox 110 3207 144 3246; x_wconf 83' lang='lat' dir='ltr'>ex</span> <span class='ocrx_word' id='word_1_267' title='bbox 176 3207 211 3246; x_wconf 87' lang='lat' dir='ltr'>ea</span> <span class='ocrx_word' id='word_1_268' title='bbox 242 3206 356 3263; x_wconf 90' lang='lat' dir='ltr'>parum.</span> <span class='ocrx_word' id='word_1_269' title='bbox 410 3185 500 3245; x_wconf 87' lang='lat' dir='ltr'>Dicat</span> <span class='ocrx_word' id='word_1_270' title='bbox 532 3205 615 3263; x_wconf 83' lang='lat' dir='ltr'>ergo:</span> <span class='ocrx_word' id='word_1_271' title='bbox 653 3184 875 3261; x_wconf 72' lang='lat' dir='ltr'>superficies</span> <span class='ocrx_word' id='word_1_272' title='bbox 912 3186 1023 3262; x_wconf 90' lang='lat' dir='ltr'>plana</span> <span class='ocrx_word' id='word_1_273' title='bbox 1055 3190 1123 3262; x_wconf 86' lang='lat' dir='ltr'>est,</span> 
     </span>
     <span class='ocr_line' id='line_1_35' title="bbox 109 3274 1124 3351; baseline -0.002 -16"><span class='ocrx_word' id='word_1_274' title='bbox 109 3277 212 3335; x_wconf 88' lang='lat' dir='ltr'>ouius</span> <span class='ocrx_word' id='word_1_275' title='bbox 232 3277 390 3351; x_wconf 87' lang='lat' dir='ltr'>spatium</span> <span class='ocrx_word' id='word_1_276' title='bbox 409 3279 462 3334; x_wconf 89' lang='lat' dir='ltr'>est</span> <span class='ocrx_word' id='word_1_277' title='bbox 481 3275 608 3350; x_wconf 88' lang='lat' dir='ltr'>equale</span> <span class='ocrx_word' id='word_1_278' title='bbox 628 3276 747 3349; x_wconf 87' lang='lat' dir='ltr'>spatio</span> <span class='ocrx_word' id='word_1_279' title='bbox 767 3276 875 3349; x_wconf 86' lang='lat' dir='ltr'>linea,</span> <span class='ocrx_word' id='word_1_280' title='bbox 894 3274 988 3350; x_wconf 94' lang='lat' dir='ltr'>quod</span> <span class='ocrx_word' id='word_1_281' title='bbox 1007 3277 1124 3350; x_wconf 88' lang='lat' dir='ltr'>ipsam</span> 
     </span>
    </p>
   </div>
   <div class='ocr_carea' id='block_1_4' title="bbox 109 3478 1122 3606">
    <p class='ocr_par' dir='ltr' id='par_1_4' title="bbox 109 3478 1122 3606">
     <span class='ocr_line' id='line_1_36' title="bbox 112 3478 1122 3605; baseline 0.001 -72"><span class='ocrx_word' id='word_1_282' title='bbox 112 3551 117 3561; x_wconf 38' lang='grc' dir='ltr'>Ι</span> <span class='ocrx_word' id='word_1_283' title='bbox 181 3487 221 3605; x_wconf 46' lang='grc' dir='ltr'>ΙΞ.</span> <span class='ocrx_word' id='word_1_284' title='bbox 246 3480 321 3547; x_wconf 90' lang='lat' dir='ltr'>quod</span> <span class='ocrx_word' id='word_1_285' title='bbox 344 3480 488 3535; x_wconf 79' lang='lat' dir='ltr'>Eucnmus.</span> <span class='ocrx_word' id='word_1_286' title='bbox 521 3510 551 3518; x_wconf 97' lang='lat'>-</span> <span class='ocrx_word' id='word_1_287' title='bbox 580 3484 622 3533; x_wconf 88' lang='lat'>31.</span> <span class='ocrx_word' id='word_1_288' title='bbox 649 3478 816 3548; x_wconf 86' lang='lat' dir='ltr'>superficies.</span> <span class='ocrx_word' id='word_1_289' title='bbox 846 3511 879 3520; x_wconf 91' lang='lat'><em>-</em></span> <span class='ocrx_word' id='word_1_290' title='bbox 910 3485 950 3535; x_wconf 80' lang='lat'>32.</span> <span class='ocrx_word' id='word_1_291' title='bbox 975 3479 1122 3552; x_wconf 88' lang='lat' dir='ltr'>immutat]</span> 
     </span>
     <span class='ocr_line' id='line_1_37' title="bbox 109 3568 218 3606; baseline 0.018 -2"><span class='ocrx_word' id='word_1_292' title='bbox 109 3568 218 3606; x_wconf 83' lang='lat' dir='ltr'>mnua.</span> 
     </span>
    </p>
   </div>
   <div class='ocr_carea' id='block_1_5' title="bbox 0 0 1208 3848">
    <p class='ocr_par' dir='ltr' id='par_1_5' title="bbox 0 0 1208 3848">
     <span class='ocr_line' id='line_1_38' title="bbox 0 0 1208 3848; baseline 0 1"><span class='ocrx_word' id='word_1_293' title='bbox 0 0 1208 3848; x_wconf 95' lang='lat' dir='ltr'> </span> 
     </span>
    </p>
   </div>
  </div>
 </body>
</html>
