2408 3848
111 180 155 244 30
396 179 562 234 ANARITII
580 178 836 235 COMMENTARII

112 351 283 424 sequuntur.
329 349 436 408 Melius
465 350 510 408 est
536 367 619 426 ergo,
647 352 682 407 ut
704 349 834 424 dicatur,
861 351 941 426 quod
964 351 1126 425 petitiones

111 441 181 497 sunt
199 457 243 512 ea,
261 457 318 513 que
336 437 522 513 recipiuntur
540 456 559 495 a
576 437 739 513 discipulis,
758 458 792 496 ex
812 458 871 514 quo
890 440 1019 515 primum
1038 441 1127 499 audit

111 545 155 602 ea,
178 526 287 601 quibus
310 527 445 602 indigent
463 526 645 602 probatione.
687 527 767 604 Ergo
786 528 915 602 quedam
933 548 1035 587 earum
1054 533 1126 589 sunt

110 615 322 691 impossibiles,
350 635 440 691 quam
465 615 501 674 ob
524 635 587 674 rem
610 617 709 692 gravis
733 620 778 675 est
806 636 908 674 earum
934 618 1064 694 receptio
1093 623 1128 677 et

84 718 170 764 enon
192 705 298 780 facilis,
321 704 399 763 sicut
421 705 512 762 trium
534 704 697 780 primarum
720 708 765 764 est
786 706 884 764 facilis
903 706 1042 782 receptio,
1066 726 1125 782 que

109 798 211 852 tamen
243 812 302 851 non
335 793 371 851 ob
404 793 486 851 aliud
515 796 670 869 petuntur,
702 794 760 853 nisi
787 797 822 852 ut
848 814 908 854 non
936 796 1127 871 concedatur,

111 882 254 958 quatinus
277 882 412 941 doctrina
434 882 651 957 introducatur,
674 882 753 941 sicut
775 883 844 940 dixi
888 883 1021 953 Quodam
1043 889 1126 959 sunt,

111 991 169 1046 que
193 971 327 1030 sciuntur
350 990 367 1028 a
390 971 540 1047 magistris
565 974 595 1029 et
615 974 736 1047 recepta
759 975 828 1031 sunt
851 971 888 1030 ab
912 973 963 1047 eis,
988 977 1018 1030 et
1035 973 1125 1032 disci-

110 1061 189 1136 pulis
215 1063 286 1118 sunt
308 1060 390 1135 prius
412 1060 517 1137 ignota
540 1063 571 1118 ct
592 1079 652 1118 non
674 1061 846 1135 manifesta,
874 1063 905 1119 et
927 1062 993 1119 ideo
1016 1065 1127 1137 petunt

71 1163 129 1207 1oa
152 1149 313 1224 discipulis,
336 1151 371 1206 ut
393 1150 535 1208 concedat
557 1168 605 1223 ea,
628 1149 705 1208 sicut
726 1149 794 1225 tria,
818 1170 876 1226 que
899 1151 1123 1224 premittuntur.

110 1238 234 1296 Utilitas
262 1241 362 1296 autem
389 1238 480 1296 trium
507 1237 671 1314 primorum
694 1240 752 1314 est,
779 1241 815 1296 ut
837 1238 975 1298 debilitas
998 1241 1125 1298 materie

110 1347 170 1386 non
187 1325 345 1401 prohibeat
362 1326 447 1386 nobis
465 1326 647 1402 probatione.
684 1327 742 1384 Illa
761 1329 870 1402 autem,
888 1347 946 1404 que
966 1331 1036 1387 sunt
1053 1332 1128 1404 post

109 1415 165 1473 illa
187 1416 260 1490 tria,
283 1418 353 1475 sunt
375 1417 539 1475 necessarie
561 1415 801 1491 probationibuS,
824 1435 881 1492 que
904 1419 1077 1492 sequuntur.

199 1505 283 1562 Dixit
301 1505 461 1564 Eucnmxs
484 1524 538 1580 pro
561 1504 719 1579 petitione:
748 1505 788 1563 Ut
803 1506 1022 1578 protraheretur
1045 1508 1127 1566 liueu

72 1606 97 1646 15
111 1597 188 1652 rectu
212 1612 232 1653 u
253 1595 377 1668 quotibet
392 1598 502 1667 paucio
525 1594 565 1651 ud
587 1594 730 1666 quodlibet
745 1598 896 1667 punctum.

201 1682 297 1758 Supra
324 1682 380 1741 hoc
408 1681 650 1740 Slunxmcnrus:
682 1682 751 1741 Non
778 1682 854 1741 dixit
880 1673 940 1742 hoc
963 1683 1127 1743 Eucnrnns

111 1771 177 1846 nisi,
201 1772 272 1847 quia
294 1771 493 1829 necessarium
511 1769 661 1828 invenitur
678 1771 756 1829 inter
775 1771 907 1847 quelibet
925 1772 983 1830 duo
1002 1776 1128 1848 puncta,

111 1860 210 1935 posita
228 1860 322 1935 ipsius
342 1859 543 1918 extremitates
561 1859 615 1916 illa
633 1859 692 1918 duo
710 1863 829 1936 puncta,
847 1860 965 1920 brevior
978 1861 1124 1921 dimensio

110 1948 189 2005 inter
212 1967 260 2022 ea,
284 1967 341 2022 que
365 1967 431 2006 cum
453 1951 605 2024 protracta
628 1947 729 2024 fuerit,
752 1949 809 2007 erit
831 1949 910 2008 linea
933 1952 1028 2025 recta,
1052 1951 1126 2026 quia

71 2048 98 2088 20
110 2035 294 2112 impossibile
323 2039 381 2112 est,
408 2041 442 2095 ut
469 2037 549 2095 linea
576 2039 657 2095 recta
683 2039 877 2112 protrahatur
899 2038 1046 2098 transiens
1069 2059 1126 2115 per

110 2125 170 2183 tria
192 2128 313 2200 puncta,
336 2120 436 2202 (nisi)
459 2128 494 2184 ut
515 2127 668 2201 punctum,
692 2127 771 2202 quod
790 2127 884 2186 estin
901 2127 1008 2202 medio,
1030 2128 1127 2186 fuerit

112 2214 282 2290 cooperiens
306 2214 364 2274 duo
382 2218 504 2290 puncta,
528 2235 584 2290 que
604 2217 674 2274 sunt
693 2217 833 2291 extrema,
855 2212 931 2292 <hoc
950 2217 1024 2292 est),
1042 2217 1124 2292 quod

109 2302 164 2361 illa
186 2303 246 2361 tria
268 2306 380 2378 puncta
403 2304 463 2363 sint
486 2304 518 2361 in
540 2303 718 2362 rectitudine
740 2305 847 2380 posita.

199 2391 343 2452 Possibile
383 2412 503 2469 quoque
536 2395 596 2468 est,
632 2395 667 2450 ut
704 2412 721 2451 a
760 2393 895 2468 quolibet
932 2397 1044 2469 puncto
1084 2395 1124 2452 ad

71 2493 97 2532 25
112 2481 265 2556 quodlibet
310 2484 454 2557 punctum
496 2481 689 2558 protrabatur
734 2500 819 2542 arcus
864 2482 975 2541 circuli.
1049 2481 1125 2541 Cum

111 2569 190 2628 enim
225 2570 426 2646 protraximus
458 2571 568 2629 lineam

110 2661 238 2734 rectam,
292 2679 349 2734 que
399 2660 566 2737 coniungit,

111 2748 190 2823 quod
214 2750 259 2807 est
275 2748 354 2806 inter
370 2749 427 2807 duo
446 2752 567 2824 puncta,

111 2836 189 2895 siout
220 2837 300 2894 linea
337 2838 408 2914 boe,
446 2841 475 2895 et
513 2838 567 2896 cir-

72 2938 97 2976 30
112 2925 314 2984 eumduximus
348 2925 489 2984 circulum
524 2946 566 2985 se-

111 3014 239 3072 cundum
289 3015 437 3090 spatium,
488 3016 567 3090 quod
619 3064 638 3115 ὸ
1082 3079 1112 3113 w

111 3105 157 3162 est
187 3103 265 3160 inter
293 3122 313 3177 p
345 3106 375 3162 et
407 3123 439 3179 a,
471 3106 566 3162 trans·
837 3110 869 3169 θ

110 3190 167 3249 ibit
199 3187 369 3271 <cuculus>
396 3212 449 3268 per
476 3212 568 3268 punc-

111 3284 176 3338 tum
195 3282 219 3339 b.
262 3279 399 3356 Spatium
423 3282 509 3356 enim,
534 3281 613 3357 quod
637 3285 682 3341 est
703 3282 782 3341 inter
802 3301 822 3356 p
845 3285 875 3340 ot
898 3284 923 3358 b,
947 3285 992 3342 est
1015 3285 1124 3358 equale

71 3381 96 3423 eo
111 3369 223 3444 spatio,
251 3369 331 3444 quod
359 3373 404 3429 est
430 3371 463 3427 in
479 3390 510 3428 er
530 3389 550 3444 9
578 3374 607 3429 et
630 3389 661 3429 a:
696 3391 765 3449 ergo
790 3371 847 3430 erit
869 3371 948 3429 linea
972 3374 1012 3431 ub
1036 3391 1124 3432 arcus

182 3563 223 3611 34.
244 3559 273 3612 et
291 3559 334 3611 est
352 3557 459 3626 equale.
