2408 3848
403 154 453 207 AD
472 154 657 209 EUCLIDEM
674 155 741 212 LIB.
756 157 788 211 X.
1028 158 1094 222 375

82 324 240 384 admodum
275 322 409 398 disposui
444 341 521 397 earn,
559 343 615 399 que
648 327 716 383 ante
748 326 857 401 ipsam,
895 327 925 384 et
957 326 1096 385 similiter

81 413 247 488 ostendam,
272 412 349 487 quod
377 430 417 486 sq
445 415 544 488 potest
571 431 661 489 supra
688 415 740 490 by,
769 416 799 472 et
826 414 871 472 cd
897 416 1094 475 communicat

82 503 240 577 unicuique
263 500 390 559 duarum
411 501 559 560 linearum
581 519 633 578 aa,
657 504 699 561 ad
720 504 753 561 in
775 503 974 581 longitudine,
998 506 1028 562 θὴ
1050 505 1095 564 cd

81 592 247 668 seiungitur
283 591 324 649 ab
355 591 387 647 in
419 589 620 668 longitndine:
657 609 726 668 ergo
759 610 934 668 unaqueque
966 592 1094 651 duarum

81 679 301 755 superficierum
323 680 373 754 ba,
401 679 438 737 dt
459 681 504 738 est
526 679 675 753 medialis,
701 682 816 757 etipse
840 684 909 740 sunt
932 683 1092 740 communi·
1120 692 1133 733 5

80 772 181 828 cantes
205 771 235 827 et
258 768 377 843 equales
400 768 559 843 unicuique
582 767 707 827 duorum
730 769 943 844 quadratorum
965 772 1025 846 tm,
1050 772 1092 846 iol,

83 876 151 935 ergo
179 858 225 932 iel,
252 858 305 915 iem
331 856 472 915 mediales
501 859 579 915 sunt.
625 858 706 934 Ergo
733 858 791 917 duo
815 859 961 933 quadrata
983 860 1030 933 ts,
1052 861 1093 933 leq

80 950 150 1005 sunt
175 945 316 1004 medialia
343 948 374 1004 et
400 946 657 1004 communicantia.
701 947 743 1005 Εὴ
769 947 907 1007 similiter
930 948 1092 1024 ostendam,

81 1035 158 1110 quod
185 1036 223 1094 ks
250 1036 416 1112 seiungitur
442 1036 484 1108 leq
505 1036 537 1092 in
560 1033 759 1112 longitudine:
789 1055 858 1113 ergo
881 1038 934 1112 tq,
962 1038 1000 1097 ks
1022 1041 1092 1097 sunt

79 1124 221 1183 mediales
244 1126 274 1182 et
296 1125 328 1181 in
350 1125 487 1200 potentia
506 1126 625 1182 tantum
643 1125 900 1185 communicantes.
941 1125 983 1184 Et
1001 1127 1132 1185 etiam1⁰

76 1214 123 1286 cd
150 1213 347 1271 communicat
374 1215 414 1272 de
440 1214 472 1270 in
499 1212 698 1290 longitudin03
726 1212 778 1272 sed
800 1216 845 1288 cd
868 1217 913 1274 θεὴ
934 1215 1091 1275 rationalis

79 1303 110 1360 et
137 1303 334 1360 communicat
361 1303 403 1361 cb
430 1303 462 1359 in
484 1301 684 1378 longitudine:
713 1321 782 1380 ergo
805 1304 845 1362 dc
868 1306 913 1362 θεὴ
934 1304 1091 1364 rationalis

79 1393 110 1449 et
137 1391 335 1449 communicat
361 1391 404 1450 ab
426 1391 458 1448 in
480 1389 679 1467 longitudine3
708 1409 778 1467 ergo
801 1393 838 1450 ct
860 1395 904 1452 θεὴ
926 1393 1090 1452 rationadis.

79 1478 138 1536 Sed
161 1481 227 1554 ipsa
251 1481 296 1538 est
319 1478 433 1554 equalis
456 1479 507 1553 tn,
531 1481 562 1536 et
584 1481 630 1538 est
652 1479 820 1555 superficies
838 1480 876 1541 ks
894 1482 926 1539 in
944 1482 996 1555 tq:
1020 1500 1090 1559 ergo

78 1568 248 1643 superficies
271 1568 309 1627 ts
330 1568 363 1625 in
385 1568 426 1641 tq
449 1570 494 1628 est
516 1568 681 1627 rationalis.
722 1569 802 1646 Ergo
821 1587 859 1643 sq
876 1572 922 1629 θεὴ
939 1569 1090 1629 residuum
1104 1581 1129 1621 1⁵

76 1652 277 1736 <bimediale>
299 1657 438 1733 primum,
460 1657 579 1732 etipsa
602 1659 647 1717 θεὴ
668 1659 774 1734 potens
798 1677 888 1734 supra
905 1658 1091 1734 superficiem

77 1748 129 1820 1293
154 1749 184 1805 et
205 1746 282 1805 illud
305 1749 359 1822 θεὴ,
384 1745 462 1822 quod
485 1745 687 1805 demonstrare
709 1747 867 1807 voluimus.

167 1834 279 1893 Linea
305 1837 433 1910 potens
461 1854 568 1911 supra
595 1854 729 1894 omnem
752 1837 986 1913 superficiem
1009 1855 1089 1896 con·

75 1925 214 1982 tentam
251 1943 269 1982 a
304 1924 402 1982 linea
438 1923 614 1983 rationali
650 1928 685 1984 et
715 1925 858 1985 residuo
890 1927 1003 1986 tercio
1036 1929 1090 1986 est

76 2011 257 2069 residuum
279 2011 474 2070 bimediale
497 2006 728 2104 secundum.1)
1102 2026 1129 2066 2⁰

165 2099 257 2157 Verbi
279 2101 379 2176 gratia
402 2101 442 2159 sit
463 2100 629 2176 superficies
648 2104 688 2176 bc
705 2105 846 2162 contenta
864 2122 882 2161 a
899 2104 980 2162 linea
998 2104 1088 2162 ratio-

77 2187 153 2262 nali,
181 2207 237 2264 que
266 2191 311 2248 θεὴ
338 2190 392 2263 ab,
425 2191 455 2246 et
481 2189 598 2248 residuo
624 2192 730 2264 tercio,
758 2192 837 2266 quod
865 2194 910 2250 θεὴ
937 2210 991 2265 cy:
1024 2192 1088 2251 dico

75 2278 177 2354 igitur,
202 2276 280 2351 quod
302 2277 383 2336 linea
404 2279 509 2353 potens
533 2296 624 2353 supra
642 2280 682 2352 tq
700 2281 745 2337 est
762 2278 914 2338 residuum
930 2279 1088 2338 bimediale

76 2365 246 2441 secundum,
270 2365 348 2441 quod
371 2367 413 2426 sic
430 2365 582 2441 probatur.
623 2366 781 2426 Reiterabo
800 2368 879 2426 enim
897 2367 970 2426 duas
988 2385 1088 2443 super-

76 2454 156 2513 ficies
184 2473 252 2513 cum
278 2456 357 2515 notis
386 2455 460 2529 suis,
488 2457 518 2514 et
546 2455 586 2514 sit
612 2457 657 2514 cd
682 2455 768 2514 radix
791 2457 810 2515 8
835 2459 865 2515 θὴ
887 2458 929 2530 ἀρ
951 2455 1035 2514 radix
1060 2457 1089 2531 6,
1102 2468 1128 2509 2⁶

77 2545 107 2601 et
134 2561 174 2604 cz
200 2543 285 2601 radix
313 2545 333 2602 4
362 2547 392 2604 θὴ
418 2545 519 2620 semia,
552 2546 582 2603 et
609 2543 777 2620 superficies
805 2549 841 2604 ct
867 2546 907 2604 sit
933 2544 1017 2604 radix
1047 2547 1087 2604 72

75 2630 221 2707 medialis,
244 2635 274 2691 et
296 2633 377 2692 linea
399 2634 440 2694 dc
462 2634 502 2692 sit
524 2632 609 2692 radix
630 2632 800 2692 medietatis
818 2635 916 2708 unius,
939 2636 969 2693 et
987 2652 1087 2710 super·

75 2719 155 2780 ficies
178 2722 213 2780 td
236 2722 276 2781 sit
297 2721 383 2781 radix
406 2723 425 2780 8
449 2721 594 2797 medialis,
617 2725 648 2781 et
669 2741 845 2798 unaqueque
869 2723 994 2782 duarum
1013 2723 1087 2783 line·

76 2829 160 2868 arum
185 2811 230 2884 qd
256 2812 286 2870 et
313 2812 352 2870 dc
379 2811 420 2871 sit
446 2811 531 2869 radix
558 2811 646 2870 unius
673 2813 703 2871 et
725 2811 829 2887 medii,
858 2815 888 2871 et
910 2831 1086 2888 unaqueque

74 2898 200 2957 duarum
228 2899 448 2975 superficierum
472 2901 529 2975 qt,
559 2901 603 2959 hd
630 2901 670 2959 sit
696 2900 782 2959 radix
811 2903 852 2960 24
880 2900 1028 2976 medialis,
1056 2904 1086 2961 et
1100 2914 1126 2954 ⁸⁰

75 3006 145 3046 area
172 3007 273 3046 earum
300 2989 340 3048 sit
366 2988 451 3048 radix
480 2989 520 3050 96
551 2985 742 3068 <medialis>‚
770 2992 801 3049 et
828 3008 898 3050 area
920 2990 1086 3066 superficiei

146 3163 169 3212 7.
188 3159 235 3224 ka,
254 3174 295 3226 sq.
320 3189 353 3198 —
378 3163 420 3213 22.
440 3173 495 3226 que
514 3160 557 3212 est
575 3176 623 3230 aq.
647 3190 680 3199 —
705 3163 747 3214 31.
767 3158 925 3229 superficiei
944 3158 1082 3213 medialis.

75 3229 123 3282 Aa
140 3227 256 3282 totalis?

146 3389 172 3456 1)
200 3388 330 3442 Euoarors
358 3387 477 3442 Canem
504 3388 541 3456 X,
563 3393 597 3442 88
625 3388 780 3459 (ernrncn
808 3389 845 3459 X,
865 3392 922 3460 93):
961 3389 993 3446 si
1010 3391 1084 3445 licea

74 3458 206 3512 rationaii
218 3460 378 3528 residuaque
391 3461 472 3514 tercio
486 3461 640 3529 superficies
652 3462 832 3529 contineatur,
849 3463 901 3516 erit
914 3461 988 3516 linea
1002 3477 1084 3531 caper

74 3545 134 3583 eam
148 3535 243 3598 potens
260 3531 400 3585 residuum
418 3531 533 3586 mediate
550 3532 705 3586 sermidam.
