2408 3848
113 122 155 186 70
396 120 563 174 ANARITII
581 116 838 175 COMMENTARII

109 308 183 367 cco,
210 291 262 349 ccl
289 293 335 348 est
361 289 475 365 equalis
504 289 614 366 angulo
642 290 715 361 dre,
748 287 829 362 quod
855 289 901 345 est
927 284 1123 361 impossibile:

111 399 181 456 ergo
210 379 266 436 due
293 379 371 436 linee
399 380 454 454 ab,
479 379 524 452 qd
550 380 621 436 sunt
648 376 877 452 equidistantes3
909 377 941 434 ct
965 374 1044 433 illud
1071 378 1123 450 est,

111 468 192 544 quod
214 468 414 527 demonstrare
437 466 593 527 voluimus.

176 557 296 615 Aonius
315 575 394 634 vero,
417 555 579 615 secundum
596 555 813 632 probationem,
834 554 942 631 inquit,
962 554 1125 613 reducatur

84 645 208 724 sligura
228 648 297 719 31⁸,
326 665 383 721 que
407 645 449 704 sic
471 643 590 720 incipit:
613 643 704 704 Volo
722 644 935 719 protrahere
954 663 972 702 a
990 645 1125 718 puncto

111 735 195 793 dato
224 734 319 793 linee
346 737 444 793 recte
467 733 600 792 lineam
624 733 920 809 equidistantcm,
948 732 1035 792 cuius
1058 752 1125 808 pro-

110 823 192 883 batio
225 823 265 882 sit
297 823 459 882 secundum
491 822 698 898 probationem
728 823 893 898 Euenore,
926 823 956 880 et
989 821 1128 880 similiter

111 912 169 971 alie
196 912 303 989 figure,
331 931 406 988 quas
433 911 592 971 nominabo
619 914 689 986 post
710 911 808 970 istam.
849 911 895 969 Ex
918 909 1057 986 operibus
1081 913 1128 969 est

110 1001 208 1079 figura
223 1003 279 1059 32ει
293 1001 502 1077 sicincipiens:
518 999 804 1075 superficierum
818 999 1128 1076 equidistantium

71 1090 268 1149 relatorum
294 1090 413 1149 latera
442 1090 610 1165 opposita
638 1091 672 1148 et
700 1088 825 1166 anguli
853 1087 1018 1164 oppositi
1040 1093 1128 1148 sunt

112 1180 272 1255 equales3
310 1182 340 1237 et
372 1181 441 1237 33⁵:
477 1178 586 1237 Lince
622 1178 685 1236 uni
722 1178 819 1236 linea
851 1177 1128 1253 equidistantes

112 1271 195 1327 sunt
223 1267 506 1344 equidistantes;
534 1271 564 1326 et
588 1269 658 1326 34⁸:
686 1265 794 1324 Linee
817 1270 926 1342 recte,
952 1285 1019 1342 que
1043 1285 1128 1325 con·

111 1357 268 1435 iungunt
285 1357 456 1433 spatium,
476 1357 569 1433 quod
587 1359 641 1415 est
659 1356 756 1414 inter
775 1354 861 1414 duas
880 1355 997 1432 lineas
1017 1374 1128 1431 equa-

111 1447 162 1505 les
187 1449 221 1504 et
244 1446 525 1522 equidistantes,
553 1447 637 1505 sunt
659 1444 768 1503 etiam
791 1444 939 1520 equales
964 1447 999 1503 et
1022 1445 1128 1520 equi-

72 1548 98 1589 15
113 1535 307 1608 distantes3
332 1539 362 1594 et
385 1536 453 1593 35²:
478 1535 515 1593 Si
536 1535 635 1592 linea
653 1537 754 1592 recta
773 1551 880 1608 super
899 1533 986 1592 duas
1004 1537 1129 1592 rectas

111 1624 297 1700 ceciderit,
331 1628 365 1683 et
396 1624 536 1682 fuerint
569 1623 635 1681 duo
668 1623 796 1700 anguli
823 1622 1031 1699 intrinseci,
1065 1624 1129 1699 qui

112 1717 194 1773 sunt
225 1714 261 1771 in
292 1716 396 1789 parte
424 1730 504 1787 una,
537 1712 691 1770 minores
719 1711 856 1770 duobus
885 1712 1011 1787 rectis,
1043 1731 1129 1772 con·

112 1805 274 1877 currunt,
299 1802 378 1877 quod
401 1801 456 1859 hoc
478 1799 566 1859 modo
590 1801 772 1858 declaratur:

178 1891 316 1966 Exempli
340 1907 430 1948 causa
449 1889 509 1948 sint
528 1888 584 1947 due
603 1892 682 1948 recte
701 1889 779 1947 linee
798 1891 849 1965 ab,
865 1891 918 1965 od,
941 1909 1030 1966 super
1049 1909 1127 1966 quas

77 1995 103 2034 ao
118 1980 206 2038 cadat
228 1979 308 2036 linea
331 1987 412 2036 recta
437 1995 482 2052 ec,
507 1981 538 2036 et
559 1978 738 2053 proveniant
761 1978 820 2037 duo
845 1978 955 2056 anguli,
980 1979 1032 2054 qui
1055 1983 1129 2038 sunt

110 2069 142 2126 in
165 2070 251 2143 parte
274 2087 336 2125 una
358 2067 487 2125 minores
511 2066 624 2126 duobus
648 2067 750 2126 rectis:
775 2067 841 2127 dico
865 2087 943 2143 ergo,
968 2067 1048 2143 quod
1066 2067 1128 2127 due

110 2157 187 2215 linee
220 2158 275 2231 ob,
306 2158 350 2229 pc
382 2159 563 2215 concurrunt
594 2156 625 2214 in
655 2160 741 2232 parte
768 2156 830 2214 illa.
881 2155 1023 2215 Probatio
1052 2156 1127 2216 eius,
1186 2178 1192 2193 ¹

112 2245 258 2314 Quoniam
286 2261 376 2320 supra
403 2249 547 2321 punctum
573 2263 589 2305 a
616 2246 726 2303 faciam
752 2244 880 2303 transire
907 2245 1019 2303 lineam
1042 2247 1128 2322 equi·

111 2335 272 2394 distantem
309 2334 386 2392 linee
419 2335 472 2410 ab,
510 2334 761 2409 quemadmodum
797 2352 883 2409 posse
920 2335 1057 2409 protrahi
1090 2355 1128 2394 ex

71 2423 285 2499 reprobatione
317 2423 469 2482 Eucmms
505 2423 537 2480 in
570 2422 665 2501 figura
695 2425 751 2481 31⁸
782 2423 988 2501 manifestum,
1024 2423 1127 2499 sitque

109 2513 189 2571 linea
220 2514 266 2572 cb.
325 2513 366 2570 Et
398 2513 571 2587 protraham
603 2511 736 2587 spatium
766 2511 845 2570 inter
881 2531 930 2571 eas
963 2511 1128 2572 secundum

109 2601 236 2679 figuram
267 2601 452 2660 undecimam
484 2601 571 2659 huius
604 2601 711 2676 partia,
745 2620 801 2676 que
835 2603 880 2659 est
906 2601 987 2660 linea
1015 2620 1062 2677 ca,
1095 2608 1128 2662 et

110 2709 220 2766 ponam
247 2709 335 2766 super
361 2691 471 2748 lineam
498 2691 539 2749 cd
566 2693 723 2767 punctum,
753 2690 962 2766 quoquomodo
986 2691 1082 2767 cadat,
1106 2711 1126 2750 a

111 2799 170 2855 quo
202 2779 365 2855 producam
396 2779 672 2854 perpendicularem
703 2798 792 2854 super
823 2779 934 2837 lineam
965 2798 1015 2855 rc,
1047 2780 1127 2839 sicut

71 2881 97 2922 co
110 2868 302 2927 manifestum
325 2871 370 2926 est
392 2887 478 2942 posse
501 2867 566 2925 fieri
589 2887 624 2925 ex
649 2868 704 2926 hac
722 2867 820 2945 figura
838 2868 1003 2944 undecima,
1027 2869 1127 2945 sitque

110 2957 190 3016 linea
214 2959 251 3033 tl3
275 2961 305 3016 et
328 2957 460 3016 dividam
483 2957 594 3014 lineam
615 2975 651 3017 rc
673 2956 704 3014 in
724 2957 781 3016 duo
800 2957 907 3032 media,
931 2958 1008 3016 sicut
1026 2961 1126 3017 osten-

110 3065 176 3104 sum
199 3050 244 3105 est
267 3067 302 3104 ex
324 3045 499 3121 probatione
521 3045 615 3121 figure
638 3045 763 3120 decime,
792 3049 823 3104 et
845 3046 1037 3105 medietatem
1060 3047 1125 3107 eius

110 3135 142 3193 in
161 3136 219 3194 duo
238 3135 344 3210 media,
363 3154 460 3210 neque
480 3132 609 3212 cessab0,
628 3133 700 3209 quin
718 3134 774 3193 hoc
792 3135 909 3210 faciam,
929 3136 1022 3196 donec
1036 3136 1127 3196 cadat

112 3225 202 3283 sectio
226 3225 290 3282 eius
314 3224 389 3282 citra
412 3226 555 3298 punctum
577 3225 594 3281 l.
638 3222 734 3282 Cedat
751 3243 821 3300 ergo
841 3225 931 3283 sectio
951 3225 1014 3284 cius
1033 3245 1127 3301 supra

72 3325 97 3366 aa
111 3317 257 3390 punctum
279 3332 320 3371 rc:
344 3312 536 3371 manifestum
560 3315 604 3371 est
627 3331 705 3390 ergo,
730 3314 809 3394 quod
827 3317 971 3389 punctum
989 3332 1019 3372 m
1036 3309 1127 3394 (est)

183 3507 224 3555 35.
245 3502 301 3556 Pro
316 3501 409 3570 priore
427 3518 455 3552 m
475 3501 573 3570 Mscpt.
593 3501 635 3554 ba
649 3501 767 3570 praebet.
