2408 3848
118 189 183 253 222
405 189 570 243 ANARITII
588 187 845 242 COMMENTARII

118 360 159 417 ab
187 358 226 415 ad
249 359 289 431 bp
320 377 379 416 non
410 361 456 416 est
483 358 560 416 sicut
586 357 741 433 proportio
769 358 884 415 numeri
919 356 1058 432 quadrati
1088 357 1128 414 ad

117 467 272 506 numerum
291 447 479 522 quadratum,
503 447 560 504 erit
577 447 730 522 proportio
750 446 889 521 quadrati
907 447 951 504 od
969 446 1006 502 cd
1025 464 1128 520 super-

116 537 212 594 ficiem
235 555 277 610 ap
304 555 364 593 non
387 537 464 594 sicut
486 536 639 611 proportio
663 536 778 593 numeri
801 535 941 611 quadrati
964 535 1002 592 ad
1024 555 1126 592 nume-

116 646 184 683 rum
207 625 396 700 quadratum.
433 625 526 682 Latus
546 625 641 701 igitur
663 625 804 700 quadrati
827 625 942 701 equalis
961 623 1126 699 superficiei

90 729 161 789 sap
184 718 229 772 est
249 709 542 792 <in>communicans
564 713 643 772 linee
661 715 703 772 ab
725 714 867 772 rationali
889 713 921 770 in
939 713 1125 790 longitudine

115 805 221 880 posite.
257 798 371 880 <Linea
403 821 473 879 ergo
504 799 632 878 potens>
664 821 755 877 supra
786 802 970 878 superficiem
1002 820 1044 876 ap
1080 806 1126 860 est

115 892 271 951 rationalis
293 892 326 949 in
349 892 484 967 potentia
506 895 634 966 tantum,
657 895 688 950 et
711 895 756 950 est
776 891 1029 950 incommunicans
1047 891 1125 948 linee

116 984 157 1040 ab
175 981 316 1039 rationali
334 981 366 1038 in
384 980 582 1057 longitudine,
607 984 637 1038 et
654 980 729 1037 illud
749 983 802 1054 est,
826 981 905 1055 quod
923 980 1124 1038 demonstrare

115 1071 272 1129 voluimus.

75 1175 102 1215 ro
205 1159 250 1215 Ex
277 1159 332 1216 hac
361 1161 463 1216 autem
484 1158 581 1235 figura
604 1158 785 1231 declaratur,
818 1159 911 1232 quod,
944 1176 1011 1215 cum
1033 1156 1124 1214 fuerit

115 1248 267 1323 proportio
291 1249 332 1305 ab
355 1242 415 1324 <ad
434 1243 493 1325 by>
516 1247 593 1305 sicut
614 1247 767 1322 proportio
790 1248 906 1304 numeri
929 1246 1067 1321 quadrati
1086 1246 1124 1302 ad

114 1357 270 1395 numerum
299 1337 491 1411 quadratum,
523 1337 602 1393 linea
629 1339 735 1412 potens
761 1355 851 1411 supra
874 1335 1059 1410 superficiem
1081 1353 1123 1408 ap

115 1427 172 1485 erit
194 1426 349 1485 rationalis
376 1427 408 1482 in
430 1425 624 1502 longitudine.
680 1424 765 1494 Quod
790 1425 857 1483 ideo
881 1425 949 1500 erit,
982 1424 1123 1499 quoniam

114 1516 267 1592 proportio
291 1517 332 1573 ab
356 1515 394 1572 ad
417 1516 457 1588 bp
484 1518 529 1573 est
552 1515 629 1572 sicut
649 1515 804 1589 proportio
828 1513 994 1588 superficiei
1017 1514 1061 1571 ad
1084 1512 1123 1570 ad

74 1619 100 1659 rs
114 1605 299 1680 superficiem
323 1623 371 1677 ap.
419 1602 477 1661 Sed
503 1605 656 1678 proportio
685 1603 850 1678 superficiei
877 1604 922 1661 ad
954 1601 992 1660 ad
1019 1620 1120 1677 super-

113 1694 208 1753 ficiem
227 1713 268 1766 op
291 1696 336 1751 est
354 1694 431 1750 sicut
449 1693 601 1766 proportio
620 1693 736 1750 numeri
755 1691 895 1767 quadrati
913 1692 1122 1749 adnumerum

114 1783 308 1858 quadratum,
335 1781 415 1838 linea
438 1799 508 1856 ergo
531 1783 636 1854 potens
660 1799 750 1856 supra
772 1781 956 1855 superficiem
979 1799 1021 1853 op
1044 1798 1121 1838 eom-

112 1872 246 1929 municat
267 1870 345 1926 linee
368 1871 418 1942 ab,
442 1887 498 1942 que
520 1872 620 1943 potest
642 1887 734 1944 supra
757 1869 942 1945 superficiem
964 1870 1015 1927 cd.
1063 1867 1121 1925 Sed

113 1961 155 2018 ab
184 1961 229 2016 est
254 1957 409 2016 rationalis
441 1958 473 2013 in
501 1957 700 2034 longitudine,
733 1962 763 2016 et
789 1959 869 2016 linea
896 1960 1002 2034 potens
1031 1975 1120 2032 supra

72 2063 99 2104 1ο
113 2046 296 2122 superficiem
319 2064 361 2119 ap
388 2047 587 2104 communicat
613 2047 690 2105 linee
713 2050 767 2121 cb3
800 2047 852 2106 sed
879 2047 1020 2122 quicquid
1043 2065 1121 2105 oom-

111 2137 244 2194 municat
265 2135 420 2211 rationali,
441 2133 493 2193 'est
515 2137 675 2194 rationale:
705 2155 776 2213 ergo
798 2136 878 2193 linea
900 2139 1007 2212 potens
1030 2153 1121 2210 supra

112 2224 295 2301 superficiem
318 2243 360 2298 oy
387 2228 433 2282 est
454 2225 609 2283 rationalis
632 2227 664 2282 in
686 2224 886 2302 longitudine,
915 2227 945 2282 et
967 2224 1042 2282 illud
1066 2227 1121 2298 est,

113 2314 193 2389 quod
216 2314 416 2371 demonstrare
439 2315 596 2373 voluimus.

200 2402 348 2461 Additio
363 2404 480 2479 figure
495 2404 645 2479 septime
660 2403 793 2460 decime
806 2396 952 2479 <huius>
964 2393 1119 2481 partie.¹)

71 2505 97 2546 15
201 2491 337 2567 Oportet,
370 2496 405 2550 ut
431 2492 522 2567 linea,
553 2511 620 2550 cum
643 2511 703 2567 qua
725 2492 802 2549 linee
825 2493 1049 2563 mensurantur,
1079 2491 1119 2548 sit

111 2580 190 2655 apud
213 2600 266 2639 nos
288 2582 396 2656 posita,
420 2581 500 2656 quod
521 2582 553 2637 in
575 2580 761 2658 longitudine
785 2580 825 2639 sit
847 2579 1002 2637 rationalis
1026 2582 1056 2637 et
1074 2579 1118 2635 in-

110 2671 328 2728 communicans
356 2669 470 2727 duabus
493 2670 580 2728 lineis
604 2671 645 2728 ab
675 2673 771 2743 11119
797 2670 829 2726 in
851 2668 1038 2744 longitudine
1065 2671 1119 2725 aut

110 2759 162 2815 uni
190 2778 301 2816 earum.
355 2758 416 2816 Nos
446 2759 524 2815 enim
551 2759 582 2816 in
610 2757 827 2818 anxiomatibus
855 2756 994 2832 diximus,
1029 2757 1119 2831 quod,

181 2950 223 2998 15.
242 2963 282 3015 op
301 2947 343 3011 est
361 2947 439 3010 sicut.
465 2944 519 2998 Sed
537 2977 571 2984 —
592 2950 632 2998 19.
653 2947 693 3016 et]
713 2961 786 3014 ergo.

108 3067 183 3074 ——..
190 3068 320 3074 —..—--——-

108 3143 270 3207 ratiormles,
291 3141 438 3196 rationulis
461 3158 514 3195 esse
533 3143 674 3210 probatur.
716 3139 833 3193 Additio
851 3140 977 3193 Armmn
996 3138 1115 3207 amplifi-

110 3212 251 3266 cationem
270 3211 452 3265 theorematis
472 3212 605 3266 eontinet.

180 3286 206 3353 1)
224 3282 360 3336 Encnmae
374 3283 407 3350 X,
419 3288 452 3336 17
467 3281 618 3352 (Cumanus
632 3283 665 3352 X,
678 3288 723 3349 163
742 3282 909 3335 Humanarus
924 3281 957 3349 X,
969 3282 1025 3349 20):
1048 3280 1116 3334 Cum

108 3357 241 3410 uditmctc
263 3356 348 3422 fcerit
371 3355 439 3408 ltaee
461 3357 493 3408 ia
511 3355 683 3425 toapitcdiae
705 3355 746 3408 cel
764 3354 962 3407 eornmwaicota
982 3352 1116 3406 rationali

107 3427 262 3496 superficies
288 3426 435 3481 rationulis
462 3427 634 3496 rectwnpalo,
662 3427 734 3479 lutus
761 3427 818 3479 eius
840 3425 988 3478 semotam
1010 3425 1062 3477 erit
1084 3425 1116 3476 iu

108 3498 279 3569 lonpitude'uc
300 3498 436 3552 rationale
459 3498 588 3567 laterique
606 3499 699 3566 primo
721 3497 752 3549 ia
774 3496 945 3566 loapitcdine
967 3495 1114 3549 communi-

108 3570 200 3624 cubile.
