2408 3848
108 189 174 254 260
396 185 562 240 ANARITII
579 183 836 239 COMMENTARII

108 358 203 415 lineas
227 361 262 415 at
284 358 314 414 et
336 357 387 428 fx:
415 375 485 432 ergo
509 371 550 413 uo
573 357 709 412 numerat
733 352 805 412 duas
829 352 936 427 lineas,
960 372 1034 429 ergo
1058 352 1130 428 ipsa

109 449 155 504 est
178 445 330 520 quantitas
354 443 516 502 eommunis
539 443 571 499 in
592 443 657 501 1000
682 461 734 502 000
758 460 915 500 numerans
934 441 1009 500 duas
1030 462 1128 517 quan·

109 534 227 608 titates,
253 537 283 591 et
305 533 337 590 in
358 532 415 590 hao
438 531 582 590 divisione
606 532 763 608 eriguntur
785 530 970 606 quantitates
993 531 1027 588 in
1051 531 1129 591 locis

111 624 186 696 suis,
213 623 245 679 in
273 621 379 697 quibus
406 622 526 679 fuerant
552 621 585 677 in
611 621 707 696 prima
735 619 892 678 divisione:
920 638 991 697 ergo
1016 625 1067 694 at,
1097 623 1130 679 et

83 725 167 787 0000
196 714 241 769 000
269 710 366 768 minor
393 729 440 784 00,
467 712 605 768 numerat
627 711 677 768 ab.
722 709 763 767 Et
785 709 825 767 sit
847 727 916 784 pars
940 709 1128 784 quantitatis

110 802 152 860 ab
185 800 259 858 scita
292 799 406 874 equalis
434 816 475 857 err
502 816 660 856 numerans
688 797 761 856 duas
789 798 988 872 quantitates,
1021 800 1054 856 00
1081 818 1128 856 re·

111 889 202 946 dsunt
230 907 330 946 omnes
358 887 396 946 ad
423 906 543 960 nomen,
572 887 623 962 qui
646 905 831 944 communem
853 887 927 944 feeit
949 905 1013 960 000,
1044 888 1129 962 quod

111 980 157 1036 est
178 996 285 1035 nomen
308 976 496 1052 quantitatis,
515 995 572 1051 que
594 994 654 1033 non
676 975 812 1033 difinitur
829 975 989 1034 seeundum
1007 976 1128 1053 magni-

111 1066 247 1124 tudinem
283 1085 377 1141 neque
414 1065 574 1124 seeundum
609 1064 803 1140 parvitatem,
840 1064 892 1122 sed
927 1064 1038 1122 dieitur
1073 1065 1129 1123 heo

72 1171 98 1210 1o
112 1155 265 1230 quantitas
292 1173 362 1230 pars
390 1153 515 1212 duarum
542 1153 746 1229 quantitatum
773 1171 931 1211 numerans
955 1172 1013 1212 eas.
1062 1153 1129 1212 Heo

112 1246 157 1302 000
185 1263 254 1320 ergo
282 1262 330 1302 ars
357 1243 524 1318 reperiendi
550 1243 683 1318 modum,
710 1261 771 1317 quo
794 1243 945 1300 invenitur
967 1243 1128 1317 quantitas

102 1351 270 1407 ¹numerans
302 1333 376 1390 duas
404 1332 599 1407 quantitates.
649 1329 734 1399 Quod
761 1331 786 1389 si
813 1349 855 1405 00
880 1331 992 1388 fuerint
1022 1335 1128 1406 partes

112 1423 163 1496 ab,
185 1416 308 1500 (tuno),
330 1440 397 1480 oum
418 1421 517 1496 portio
540 1423 667 1496 ponetur
689 1438 779 1495 supra
802 1422 853 1493 ob,
875 1439 934 1477 non
955 1421 1128 1479 numerabit

111 1511 222 1587 ipsam,
253 1529 313 1569 non
345 1512 390 1568 est
417 1509 496 1568 enim
523 1510 555 1566 iu
583 1527 618 1567 ea
644 1509 792 1584 possibile.
843 1509 983 1567 Dicemus
1011 1508 1130 1586 itaque,

73 1614 98 1654 15
113 1600 184 1675 quia
211 1601 252 1658 ab
275 1600 413 1656 numerat
435 1603 483 1671 00,
506 1601 536 1655 00
558 1617 619 1656 non
640 1601 779 1656 numerat
800 1599 847 1671 fr:
875 1616 944 1674 ergo
967 1597 1032 1672 ipse
1058 1602 1153 1677 sunt,

111 1687 403 1747 incommunieantes.
442 1685 526 1754 Quod
544 1686 570 1744 si
588 1686 757 1761 dixerimus,
775 1706 842 1745 eum
859 1687 1011 1744 minuetur
1025 1705 1129 1764 super-

112 1778 215 1835 fluitas
238 1776 325 1834 unius
345 1769 447 1833 earum
465 1774 669 1848 quantitatum
687 1779 730 1849 ut,
753 1776 788 1847 fr
811 1795 846 1834 ex
865 1776 968 1851 altera,
991 1795 1130 1835 remane·

112 1866 158 1923 bit
186 1864 338 1940 quantitas
366 1881 415 1936 ar,
448 1882 505 1937 que
534 1881 594 1920 non
621 1866 758 1921 numerat
785 1883 863 1938 eam,
896 1884 953 1940 que
982 1867 1029 1922 est
1057 1869 1130 1924 ante

112 1955 222 2029 ipsam,
251 1953 435 2027 quapropter
461 1952 525 2027 ipse
553 1953 623 2010 sunt
644 1951 942 2026 incommunioanteS,
970 1954 1028 2011 erit
1050 1955 1131 2013 illud

74 2058 100 2098 ao
113 2061 216 2099 verum
249 2040 409 2098 seeundum
441 2039 519 2114 quod
546 2040 621 2098 dixit
648 2041 821 2116 1100000000,
853 2043 878 2102 si
905 2045 1005 2100 autem
1034 2044 1131 2102 etiam

114 2131 164 2204 ab,
188 2133 218 2188 00
240 2129 307 2188 ideo
331 2148 387 2204 que
412 2130 456 2186 est
478 2147 557 2204 pars,
579 2129 670 2188 fuerit
687 2149 845 2190 numerans
864 2135 900 2190 ot
918 2133 948 2190 et
965 2151 1130 2192 numerans

113 2222 156 2294 fr,
179 2219 353 2293 diceremus,
377 2217 456 2293 quod
479 2219 662 2293 quantitates
685 2222 755 2278 sunt
777 2220 1041 2296 communicantes
1065 2222 1130 2281 sive

114 2309 175 2366 sint
201 2306 376 2381 rationales,
404 2306 466 2365 sive
493 2307 554 2365 sint
580 2308 676 2366 surde.
723 2307 755 2366 Si
783 2328 853 2386 ergo
875 2309 1051 2384 rationales,
1081 2330 1130 2370 00-

115 2397 197 2454 deret
225 2414 312 2472 super
340 2414 389 2454 eas
416 2415 523 2454 nomen
550 2416 746 2455 numerorum.
798 2395 901 2457 Omnis
928 2397 1007 2456 enim
1034 2399 1131 2458 ratio-

74 2499 99 2540 00
114 2485 191 2544 nelis
214 2487 260 2543 est
282 2484 510 2558 communicans,
533 2485 584 2543 sed
606 2503 666 2543 non
684 2505 779 2560 omne,
802 2487 882 2562 quod
900 2490 946 2545 000
963 2491 1130 2547 eommuni-

115 2592 198 2649 eans,
227 2574 272 2632 est
293 2574 453 2647 rationale,
481 2573 594 2632 soilioet
615 2575 762 2632 rationale
785 2575 816 2632 in
839 2577 975 2651 potentia
996 2579 1130 2652 tantum,

115 2666 145 2721 et
172 2663 303 2722 disemus
330 2661 412 2720 istud
439 2680 502 2720 0000
529 2662 642 2738 desem,
669 2665 700 2721 et
725 2663 781 2722 hoo
808 2668 853 2722 est
880 2683 939 2723 sex.
985 2663 1045 2723 Sed
1067 2687 1129 2742 que

114 2752 228 2810 fuerint
259 2751 347 2810 surde
380 2750 524 2825 disemus,
556 2752 617 2810 sive
649 2751 710 2810 sint
741 2772 776 2810 ex
808 2753 967 2828 similibuS,
999 2753 1063 2813 sive
1093 2777 1131 2815 ex

115 2840 192 2915 aliis,
216 2860 272 2916 que
296 2842 365 2899 sunt
387 2840 474 2898 surde
497 2839 754 2900 communicantes.
796 2840 891 2918 Quod,
913 2844 939 2901 si
961 2846 1130 2922 quantitas,

75 2943 102 2982 oo
116 2949 173 3005 que
202 2932 247 2988 est
273 2947 343 3004 pars
370 2947 529 2987 numerans
554 2930 609 3002 ab,
635 2948 695 2988 non
717 2929 808 2989 fuerit
830 2951 987 2990 numerans
1010 2933 1054 3007 fr,
1082 2935 1129 2992 di·

116 3037 223 3093 cemus,
246 3017 324 3092 quod
345 3016 409 3091 ipse
432 3017 492 3075 sint
514 3017 795 3078 incommunioantes
818 3024 848 3079 et
871 3020 931 3079 sint
954 3021 1043 3080 surde
1067 3023 1130 3083 dis-

116 3107 240 3181 similes,
272 3106 412 3181 quoniam
444 3106 693 3166 communicantes
725 3111 795 3167 sunt
825 3109 995 3169 rationales.
1051 3109 1130 3172 Cum

117 3197 217 3254 autem
247 3194 432 3270 posuerimus
464 3195 537 3254 duas
564 3195 657 3255 lineas
685 3189 959 3280 inoomunileantes,
992 3199 1130 3263 dicemus
1148 3211 1169 3259 52

116 3285 196 3360 ipsas
229 3302 290 3342 esse
318 3283 436 3358 surdas,
467 3287 520 3342 aut
546 3303 638 3342 unam
665 3304 766 3344 eorum
793 3287 914 3346 surdam
940 3291 970 3346 et
997 3289 1129 3350 alteram

188 3492 213 3541 4.
232 3485 344 3541 fuerint.
360 3518 392 3526 -
413 3492 455 3541 10.
469 3488 547 3558 pars]
560 3505 653 3558 paras.
668 3521 701 3529 —
721 3495 763 3545 21.
779 3493 829 3545 aut
842 3489 916 3547 ideo.
931 3524 964 3532 -
984 3497 1027 3547 28.
1047 3493 1127 3550 simi.

117 3556 205 3629 libus]
224 3556 382 3631 sioealibus.
