2408 3848
108 165 153 228 40
398 161 564 215 ANARITII
582 159 841 216 COMMENTARII

197 331 399 390 Nominantur
425 334 528 389 autem
557 350 657 390 omnes
681 331 774 409 figure
798 330 920 388 scientie
944 333 1000 388 aut
1027 349 1133 406 opera-

109 422 207 481 tiones
239 421 402 479 necessarie
436 420 585 495 equivoco.
650 419 890 496 Unumquodque
924 422 1027 478 autem
1060 420 1132 478 isto·

110 530 189 586 rum,
218 510 330 568 sufficet
353 509 477 567 scientia
501 512 531 567 et
559 510 694 584 operatio
724 513 754 568 εὴ
780 508 928 583 inventio,
957 511 988 566 et
1016 509 1041 566 si
1071 527 1133 584 qua

112 603 181 658 sunt
215 599 287 673 alia,
321 597 496 656 dividuntur
522 597 554 656 in
581 616 631 656 sex
659 602 774 674 partes,
807 597 924 655 idest:
956 597 1134 673 propositio,

87 688 294 763 peramplum,
318 686 500 762 differentia,
525 706 613 762 opus,
636 687 788 762 probatio,
813 686 970 744 conclusio.

198 775 408 851 Propositio
432 777 477 833 est
500 776 531 832 in
554 777 610 834 hoo
632 776 715 851 loco,
740 795 831 851 quam
855 774 1004 834 dialectici
1028 775 1134 834 dicunt

111 884 173 925 esse
196 865 236 940 id,
262 864 343 941 quod
366 865 404 922 ad
427 864 690 923 demonstrandum
709 865 841 940 ponitur,
865 864 984 939 etipsa
1009 866 1040 922 et
1064 883 1134 923 con-

110 955 202 1013 clusio
224 955 257 1012 in
279 953 446 1011 intentione
472 957 542 1012 sunt
568 953 655 1011 idem.
705 953 843 1028 Exempli
865 971 967 1028 causa,
992 956 1029 1011 ut
1052 952 1134 1012 dica·

109 1063 189 1119 mm,
223 1043 304 1118 quod
336 1061 437 1101 omnes
464 1044 524 1100 tres
556 1042 659 1119 anguli
692 1041 850 1100 cuiuslibet
881 1042 1027 1118 trianguli
1060 1046 1133 1101 sunt

71 1149 97 1186 ro
112 1133 232 1208 equales
256 1130 374 1190 duobus
404 1131 508 1190 rectis:
534 1131 582 1189 hic
611 1131 725 1207 equalis
749 1134 793 1189 est
819 1131 987 1206 propositio
1010 1133 1040 1189 et
1064 1150 1131 1191 con·

111 1222 214 1280 clusio.
263 1221 304 1277 Et
332 1220 388 1280 hoc
418 1225 476 1295 est,
500 1240 567 1279 cum
590 1220 731 1279 diximus:
755 1220 833 1294 „iam
856 1220 1051 1278 manifestum
1080 1222 1133 1294 est,

111 1311 190 1386 quod
210 1328 311 1369 omnes
329 1310 433 1388 anguli
456 1309 615 1368 cuiuslibet
628 1309 774 1386 trianguli
791 1312 862 1367 sunt
876 1309 996 1384 equales
1016 1308 1132 1369 duobus

110 1399 199 1458 rectis
223 1398 369 1476 angulis.“
416 1398 483 1457 Hoc
506 1399 621 1474 equalis
643 1398 797 1474 proposito
821 1417 880 1456 non
904 1399 949 1456 est
971 1415 1040 1472 pars
1062 1415 1132 1471 pro·

111 1489 277 1564 positionis
301 1489 391 1548 cuius
418 1487 558 1546 diffinitio
583 1490 639 1561 est,
663 1487 772 1560 oratio,
795 1506 853 1561 que
876 1486 1025 1562 premittit
1044 1484 1133 1544 nobis

72 1591 98 1632 15
112 1577 321 1651 intentionem,
349 1597 416 1654 qua
440 1577 576 1635 volumus
599 1576 673 1634 scire
697 1579 749 1634 aut
772 1594 895 1650 operare
918 1577 973 1633 aut
990 1573 1134 1634 invenire.

112 1667 153 1725 Et
176 1667 201 1726 si
223 1666 316 1724 fuerit
338 1667 369 1724 in
395 1665 561 1724 intentione
584 1664 700 1739 aliquid
723 1665 828 1722 datum
851 1668 905 1722 aut
923 1663 1036 1739 aliquid
1061 1683 1133 1739 que·

112 1757 211 1832 situm,
235 1756 313 1813 sicut
338 1758 383 1813 est
407 1755 440 1812 in
458 1753 555 1829 prima
573 1753 681 1829 figura,
704 1752 735 1810 in
755 1772 815 1829 qua
834 1754 925 1811 datur
942 1753 1021 1810 linea
1038 1756 1135 1827 recta,

113 1848 143 1903 et
165 1843 314 1919 queritur,
337 1847 373 1901 ut
395 1843 539 1902 faciamus
563 1842 747 1918 triangulum
771 1842 980 1917 squilaterum,
1001 1844 1133 1916 oportet,

112 1935 147 1990 ut
173 1933 206 1989 in
233 1932 436 2007 propositione
466 1931 586 1989 dicatur
612 1933 790 2006 utrumque,
821 1931 933 1990 scilicet
965 1929 1070 1989 datum
1103 1933 1135 1989 et

74 2037 100 2076 ao
115 2021 195 2097 quod
218 2021 369 2095 quesitum
392 2023 445 2079 est.

202 2110 414 2185 Exemplum
441 2129 511 2168 vero
540 2112 585 2167 est
612 2109 703 2184 illud,
731 2108 812 2184 quod
845 2108 954 2167 subicit
980 2107 1061 2166 visui
1089 2109 1134 2166 in·

112 2199 278 2258 tentionem
300 2199 521 2275 propositionis.

202 2288 427 2348 Differentia
457 2307 575 2363 quoquc
604 2289 662 2361 est,
695 2306 753 2361 que
782 2290 902 2362 separat
928 2285 1017 2360 illud,
1051 2286 1136 2360 quod

116 2377 264 2453 quesitum
296 2381 342 2436 est
373 2378 405 2436 in
433 2376 650 2453 propositione,
683 2378 713 2433 εὴ
748 2375 827 2450 quod
858 2375 989 2451 positum
1022 2377 1069 2432 est
1102 2376 1136 2433 in

74 2480 100 2520 25
115 2468 258 2542 exemplo,
281 2467 394 2526 scilicet
417 2466 498 2542 quod
521 2464 659 2541 queritur
681 2464 719 2521 ad
741 2464 909 2522 faciendum
928 2466 982 2522 aut
1002 2462 1040 2520 ad
1064 2483 1134 2539 pro·

114 2555 256 2630 bandum,
280 2573 298 2612 a
322 2573 376 2615 suo
400 2555 549 2615 communi
573 2572 688 2630 genere.

205 2642 301 2719 Opus
333 2664 402 2703 vero
432 2646 491 2719 est,
522 2645 559 2700 ut
581 2642 679 2718 signet
702 2641 809 2716 aliquis
833 2660 882 2716 ea,
909 2661 967 2716 que
995 2640 1034 2698 ad
1065 2662 1136 2717 pro-

114 2733 266 2792 bationem
290 2735 361 2791 sunt
389 2732 567 2806 necessaria,
591 2749 657 2789 cum
684 2730 786 2805 linem,
813 2733 849 2788 ut
875 2730 968 2788 faciat
996 2749 1043 2804 ea,
1075 2750 1135 2807 que

116 2822 173 2881 sibi
195 2823 389 2898 imponuntur
412 2822 450 2880 ad
472 2820 655 2895 faciendum,
683 2818 760 2878 sicut
788 2819 819 2876 in
845 2819 943 2896 figura
967 2819 1066 2894 prima
1096 2820 1136 2878 ad

75 2927 102 2965 so
115 2911 316 2988 protrahenda
349 2912 445 2969 latera
473 2909 618 2985 trianguli
647 2907 805 2984 equilateri
833 2911 863 2965 et
894 2908 933 2966 ad
965 2908 1133 2966 circumdu-

116 3001 221 3060 cendos
251 3001 389 3074 circuloS,
422 3019 489 3058 cum
517 2997 623 3074 quibus
656 3016 729 3072 opus
757 2997 902 3074 trianguli
936 2999 965 3054 εὴ
994 2995 1137 3071 probatio

116 3089 208 3164 ipsius
233 3089 404 3164 completur.

203 3177 376 3236 Probatio
401 3179 501 3236 autem
525 3178 570 3234 est
592 3175 675 3250 illud,
699 3174 778 3249 quod
801 3177 963 3251 congregat
982 3175 1138 3249 quesitum

188 3370 212 3420 ὁ,
233 3363 332 3434 operis.
352 3396 386 3404 —
407 3370 448 3418 11.
467 3363 505 3417 Et
519 3362 572 3416 hoc
588 3362 643 3433 est]
657 3361 694 3414 Et
709 3363 753 3414 est
768 3360 861 3415 etiam.
882 3392 915 3402 -
936 3365 1048 3416 13-14.
1068 3379 1136 3433 pro-

116 3453 249 3509 bationis.
269 3485 303 3493 -
324 3458 436 3506 16-17.
456 3450 608 3522 quesitum]
628 3443 763 3521 qs21tum.
784 3483 817 3492 -
841 3456 881 3504 19.
901 3449 1078 3520 probatione.
1100 3485 1136 3494 -

117 3549 159 3599 20.
177 3535 311 3615 qsfiitum.
331 3575 365 3581 -
385 3547 426 3596 31.
447 3539 567 3594 circulus
587 3543 660 3594 sunt.
