2408 3848
88 153 114 206 X
451 150 733 206 PROLEGOMENA:

160 311 253 367 (lodex
275 311 363 381 igitur
386 317 437 366 569
461 311 529 382 (DD.
548 311 594 365 IV.
616 314 659 381 19)
682 310 876 365 Bibliothecae
899 310 1096 365 Universitatis

89 391 278 447 cracoviensis
298 394 340 445 est
358 407 543 461 pergamenus
561 391 592 444 in
610 391 678 446 folio
697 392 772 445 latus
792 398 839 461 20,
863 392 938 446 altus
958 397 991 445 27
1011 391 1098 445 centi-

88 475 186 527 metra.
215 471 340 541 Scriptus
359 474 402 525 est
416 471 508 540 longis
522 471 647 525 versibus
663 475 708 541 (64
721 488 772 540 pro
786 471 902 542 pagina)
916 489 973 525 una
987 472 1098 524 eadem-

88 569 142 621 que
164 569 249 606 manu
267 551 332 607 XIV
351 550 464 605 saeculi.
510 550 635 620 Paginae
658 551 779 619 impares
803 550 957 620 imparibus
975 551 1097 604 numeris

89 639 193 686 1-401
212 634 402 700 numerantur,
421 647 503 700 pares
523 634 618 685 eutem
634 631 757 701 paginae
766 631 893 685 'numeris
908 633 1011 685 carent.
1039 631 1098 684 Ad-

88 712 192 765 duntur
219 711 275 765 tria
302 711 372 765 folia
399 727 502 780 vacua,
534 714 567 765 ut
598 714 675 764 totus
707 727 838 765 numerus
866 711 1033 780 paginarum
1061 710 1098 764 sit

87 797 139 846 408
150 820 183 838 =
194 799 246 847 204
260 790 399 846 foliorum.
429 790 553 844 Primum
567 794 662 846 autem
676 793 705 845 et
719 791 850 845 ultimum
858 790 957 845 folium
968 808 985 844 a
995 790 1097 844 biblio-

86 888 160 941 pega
179 872 270 926 solum
288 870 360 925 talia
380 870 479 925 addita
498 873 571 940 sunt,
591 870 688 939 qualia
700 871 785 925 hodie
803 871 1035 939 ‚oetoubzuaa“
1048 887 1098 925 no-

86 951 194 1005 minare
218 950 351 1020 solemus,
381 966 472 1018 neque
495 967 559 1012 cum
582 951 676 1019 aliquo
699 951 768 1006 folio
794 951 901 1020 primae
919 950 963 1004 vel
981 950 1098 1006 ultimae

86 1030 278 1099 quaternionis
303 1030 460 1084 cohaerent.
504 1029 706 1095 Quaterniones
726 1031 854 1101 singulae
874 1032 905 1084 in
922 1030 1029 1085 ultimis
1047 1048 1096 1100 pa-

86 1111 161 1182 ginis
184 1112 290 1167 talibus
312 1111 386 1166 notis
410 1111 562 1182 insignitae
585 1114 663 1182 sunt,
686 1112 784 1180 quales
804 1111 896 1166 Senon
918 1111 949 1165 in
972 1128 1023 1164 sua
1047 1110 1097 1165 Co·

88 1191 182 1246 dicum
205 1191 456 1261 Amplonianorum
484 1191 670 1261 descriptione
693 1193 984 1261 „Ectwortcustodeffl
1008 1190 1097 1244 nomi-

86 1272 175 1326 navit.
186 1272 205 1342 1)
246 1272 371 1326 Primum
393 1271 494 1326 folium
522 1271 589 1326 olim
612 1272 755 1327 involucro
778 1272 989 1344 agglutinatum
1010 1271 1097 1325 fuisse

86 1355 163 1406 certa
181 1352 301 1422 vestigia
321 1354 436 1422 adsunt,
455 1368 542 1421 quare
560 1352 591 1405 in
607 1352 699 1422 prima
716 1351 823 1421 pagina
841 1353 946 1421 scripta
964 1351 1022 1420 legi
1040 1368 1097 1404 non

84 1434 210 1500 possunt.
248 1432 308 1486 Hoc
332 1434 427 1487 autem
448 1432 526 1501 prius
545 1431 652 1485 factum
674 1447 734 1485 esse
756 1433 880 1500 constat,
904 1447 989 1498 quam
1008 1429 1096 1482 codex

84 1511 220 1565 hodierno
233 1515 396 1582 tegumento
412 1511 506 1582 ligneo
521 1510 596 1565 corio
611 1508 842 1578 impressionibus
853 1511 952 1562 omato
963 1511 1094 1576 cooperto

84 1607 141 1644 non
160 1594 225 1646 ante
245 1593 389 1647 saeculum
407 1592 472 1646 XVI
495 1593 642 1645 exeuntem
660 1587 785 1642 munitus
809 1591 858 1642 est.
902 1587 979 1652 Quae
999 1587 1030 1640 in
1054 1604 1096 1640 se-

88 1669 181 1724 cunda
198 1671 304 1742 pagina
323 1671 428 1738 scripta
446 1670 590 1739 leguntur,
613 1668 752 1736 quaedam
771 1667 807 1722 ad
825 1666 973 1722 historiam
991 1667 1095 1721 codicis

84 1751 243 1818 spectantia
260 1751 404 1819 praebent.
438 1749 482 1801 Ad
501 1747 623 1802 indicem
642 1746 717 1801 enim
735 1749 931 1801 contentorum
947 1747 978 1800 in
996 1746 1093 1800 codice

85 1829 143 1883 alia
160 1847 260 1883 manus
279 1827 443 1896 adscripsit:

208 1927 268 1980 Hec
285 1927 423 1995 scriptura
441 1933 480 1981 ert
497 1925 625 1980 Doctores
643 1924 753 1978 Marma
772 1943 807 1978 nr
825 1924 970 1994 Mmcsow‚

66 2022 238 2091 ‘eademque
257 2040 342 2077 manu
362 2022 487 2078 additur:

118 2122 212 2175 Datus
225 2137 280 2190 pro
293 2120 423 2176 Ia'brerc'o
441 2121 632 2176 Uaioeratatis
650 2121 736 2189 aodij
751 2119 897 2178 Crococieis
910 2138 961 2190 per
979 2121 1063 2176 Verce-

47 2216 49 2220 “
112 2200 224 2260 :alitem
237 2201 389 2256 Dominam
398 2201 542 2256 Ductorem
555 2200 687 2253 Marmar
696 2219 731 2253 na
740 2199 878 2254 Mmonow
894 2201 1063 2256 Oaaoaiocm

510 2280 665 2336 Orucooc'ert.

152 2378 197 2431 Ad
216 2377 288 2431 hanc
306 2379 403 2432 notam
422 2377 592 2432 clarissimus
611 2377 653 2431 vir
671 2378 785 2432 Ioannes
800 2377 933 2432 Booscrus
952 2379 1022 2433 haec
1041 2378 1090 2433 ad-

82 2457 205 2526 scripsit:

81 2618 109 2669 p.
130 2605 211 2655 7-8:
234 2599 303 2667 „Ma
321 2597 416 2667 Digbp⁷
436 2599 515 2653 168’8
533 2598 663 2669 (Catalog
681 2618 704 2655 v.
724 2599 844 2654 Murram
861 2618 888 2670 p.
900 2603 961 2670 175)
981 2600 1092 2654 enthi'alt

84 2669 130 2724 ein
145 2669 244 2724 Stiiclr:
263 2670 305 2722 De
320 2669 494 2738 expositione
507 2669 556 2726 lib.
572 2671 702 2724 Eoomms
721 2670 756 2724 de
770 2670 924 2740 geometria
939 2671 1091 2725 secundum

81 2741 236 2795 Animarum
239 2740 306 2864 geio)
320 2739 495 2810 beginnend:
515 2741 726 2811 ‚‚Ssuarmcmus
737 2744 819 2810 etc.“;
838 2741 968 2796 letzterer
981 2742 1091 2797 Namen

81 2812 120 2866 ist
144 2813 215 2866 ohne
260 2810 352 2866 weifel
380 2811 442 2866 eine
470 2829 520 2866 aus
549 2812 612 2865 dem
635 2811 810 2867 Arabischen
833 2814 1006 2867 stammende
1024 2815 1090 2867 Um-

82 2882 250 2952 sehreibung
272 2898 326 2935 von
350 2883 509 2938 Srurnrcms.
551 2883 583 2936 111
606 2883 670 2936 dem
692 2883 802 2938 Namen
825 2884 972 2938 Aumrzrus
998 2885 1090 2939 steckt

81 2954 182 3008 hochst
199 2953 432 3008 wahrscheinlich
451 2953 611 3022 humarus,
631 2955 661 3026 ud.
677 2953 694 3009 i.
715 2954 764 3009 der
784 2955 927 3010 bekannte
946 2955 1090 3010 Commen-

80 3028 156 3080 tator
178 3025 298 3092 Narnm13
326 3024 356 3077 in
384 3025 433 3078 der
455 3024 532 3079 Liste
556 3025 604 3079 der
626 3014 855 3095 Ubersetzungen
878 3024 1013 3079 Gssmn's
1036 3045 1091 3080 von

81 3095 217 3163 Caruere,
237 3096 284 3150 Nr.
297 3101 329 3148 15
348 3095 434 3150 heisst
448 3113 476 3150 es
495 3096 598 3164 „Liber
611 3099 728 3152 ccccliii
743 3114 825 3166 saper
838 3097 983 3150 Euclidem
996 3103 1029 3151 tr.
1040 3098 1088 3150 1«.

80 3167 151 3222 Eine
160 3166 344 3221 Handschrift
354 3166 445 3221 dieser
453 3155 646 3236 llbersetzung
659 3167 698 3222 ist
708 3167 861 3236 allerdings
875 3166 919 3220 bis
930 3166 1003 3236 jetzt
1016 3166 1090 3220 noch

80 3237 398 3364 rippltlnachgewicsen.
428 3238 516 3293 Sollte
534 3239 584 3292 Ms.
600 3237 695 3308 Digby
713 3237 759 3292 ein
772 3238 924 3306 Fragment
942 3236 1090 3291 derselben

80 3325 115 3364 en
149 3311 243 3364 aton?

153 3383 179 3450 1)
197 3380 334 3434 Wmnsau
353 3380 457 3449 Souna,
480 3379 718 3434 Beschreibendes
736 3376 930 3434 Veraeichniss
955 3378 1004 3432 der
1021 3380 1087 3432 Am-

81 3450 295 3520 plonianisohen
308 3450 705 3520 Handschriften-Sammlung
723 3467 757 3504 zu
770 3449 873 3504 Erfurt.
899 3449 995 3504 Berlin
1010 3456 1089 3505 1887.

79 3541 106 3592 p.
123 3529 136 3577 1
156 3525 213 3577 not.
230 3529 253 3576 1.
