2408 3848
404 172 454 227 ln
473 171 660 227 EUCLIDEM
677 172 743 228 LlB.
758 173 778 227 I.
1053 172 1095 236 29

83 344 117 402 in
135 342 283 419 principio
303 341 442 400 doctrine.
485 341 543 399 Sed
562 341 629 416 alia,
650 361 706 416 que
724 340 897 417 probantur,
917 359 934 399 a
952 340 1096 417 magistro

84 432 162 492 scita
191 434 221 490 61
248 429 400 506 discipulis
428 430 544 506 ignota,
574 450 631 505 que
659 449 718 489 non
743 433 844 488 tamen
866 432 1020 505 ponuntur
1042 449 1096 504 pro

83 522 175 580 rebus
207 519 427 596 promittendis,
460 519 530 594 quia
561 538 620 577 non
653 522 722 578 sunt
753 519 913 595 principia,
945 519 997 577 sed
1028 521 1098 576 sunt

83 609 248 688 probanda.

175 699 221 757 Ea
244 701 353 773 autem,
376 717 434 772 que
455 697 677 773 promittuntur,
700 716 760 755 non
779 696 816 754 ob
835 697 917 755 aliud
935 699 1099 772 querantur
1126 707 1138 747 5

85 788 231 866 premitti,
254 786 313 845 nisi
335 785 407 862 quia
431 789 500 844 sunt
523 804 578 844 sua
599 785 755 862 principia.
801 785 881 862 Ergo
905 805 1006 844 eorum
1029 788 1100 844 sunt

85 877 231 954 quedam,
259 894 317 951 que
341 875 378 936 ob
401 875 456 933 hoc
480 875 575 933 solum
597 877 741 951 petuntur
762 874 909 950 promitti,
936 873 1006 949 quia
1029 877 1100 932 sunt

86 965 255 1026 necessaria
283 964 316 1021 in
344 964 492 1038 doctrina,
520 964 596 1022 sicut
621 965 716 1039 prime
743 966 804 1022 tres
831 963 989 1039 petitiones
997 955 1036 1039 ¹),
1070 965 1100 1020 et

86 1075 192 1114 eorum
219 1056 289 1112 sunt
317 1052 457 1128 quedam,
486 1072 542 1128 que
567 1072 674 1128 parum
698 1055 767 1111 sunt
789 1052 979 1125 declaranda,
1007 1052 1099 1110 donec

85 1143 289 1204 concedantur
310 1145 340 1200 ct
357 1141 541 1218 recipiantur
558 1161 611 1217 per
629 1160 669 1199 se.
709 1141 885 1199 Differentia
904 1144 1004 1198 autem
1022 1141 1100 1198 inter
1114 1153 1140 1192 10

87 1252 126 1292 ea
153 1235 185 1291 et
213 1232 291 1289 inter
318 1250 372 1306 per
399 1250 429 1289 se
456 1234 528 1288 nota
556 1232 614 1305 est,
641 1230 720 1306 quod
747 1249 800 1305 per
827 1248 857 1287 se
885 1233 957 1288 nota
984 1250 1018 1288 611
1041 1248 1099 1305 quo

86 1320 306 1396 concipiuntur,
323 1319 507 1395 recipiuntur
525 1338 578 1394 per
596 1338 635 1394 se,
654 1319 705 1378 sed
721 1318 880 1394 petitiones
895 1322 966 1377 sunt
978 1321 1100 1378 natura-

87 1411 160 1469 liter
181 1408 277 1467 medie
299 1408 379 1466 inter
396 1428 450 1483 per
468 1427 498 1466 se
517 1411 589 1467 nota
607 1411 638 1466 et
657 1407 726 1482 alia,
750 1427 875 1482 quorum
894 1426 979 1466 cause
998 1408 1099 1484 ignote

89 1501 162 1559 sunt
190 1497 358 1573 discipulis,
385 1497 462 1556 sicut
489 1496 693 1570 diffinitiones,
722 1515 778 1571 que
806 1499 875 1554 sunt
901 1497 996 1554 medie
1022 1497 1101 1554 inter

88 1586 267 1664 probabilia,
291 1605 348 1661 que
372 1585 409 1643 ab
434 1585 570 1645 omnibus
592 1586 785 1662 recipiantur,
809 1587 838 1642 et
860 1585 939 1643 inter
957 1581 1050 1662 <per>
1071 1596 1141 1642 1615

89 1679 172 1752 nota,
196 1674 336 1750 quoniam
358 1673 517 1750 petitiones
540 1677 609 1732 note
633 1677 711 1748 sunt,
735 1674 868 1733 sednon
891 1673 1025 1733 omnibus
1043 1673 1102 1731 nisi

89 1765 242 1842 magistris
264 1766 383 1822 tantum
404 1763 436 1820 in
459 1783 638 1839 unoquoque
661 1763 841 1839 magisterio.
883 1761 1010 1832 Quidam
1031 1781 1101 1820 vero

91 1853 274 1928 existimant,
296 1851 376 1928 quod
397 1851 454 1910 iste
477 1852 636 1929 petitiones
657 1852 826 1929 geometrie,
850 1872 906 1928 que
924 1851 1101 1927 premittun-

86 1946 156 2018 1111,
187 1960 246 1999 non
279 1940 315 1998 ob
343 1941 426 1999 aliud
451 1941 676 2017 promittuntur,
708 1941 767 1999 nisi
793 1942 829 1998 ut
856 1942 1046 2000 conservetur
1073 1942 1103 1998 et

89 2030 271 2091 concedatur
288 2029 422 2088 materia.
459 2031 527 2089 Non
546 2030 624 2088 enim
642 2030 741 2088 omnia
760 2034 886 2106 possunt
899 2030 930 2087 in
944 2048 979 2088 ea
993 2029 1103 2104 perfici,
1117 2041 1143 2080 so

89 2140 152 2196 que
178 2118 357 2195 perficienda
384 2123 467 2194 sunt,
496 2122 526 2177 et
552 2119 641 2177 habet
664 2118 792 2193 animus,
820 2119 899 2194 quod
922 2117 1103 2178 contradicet

91 2229 129 2268 611
160 2210 245 2283 parte
272 2206 411 2282 materie,
443 2211 473 2266 et
500 2208 622 2266 diceret:
654 2207 852 2282 „impossibile
881 2209 926 2266 est
952 2207 1038 2282 mihi,
1070 2209 1104 2264 ut

91 2297 268 2374 protraham
290 2296 401 2354 lineam
423 2298 535 2354 rectam
558 2315 645 2371 super
668 2296 852 2371 superficiem
874 2296 977 2370 maris3
1002 2299 1032 2353 et
1049 2296 1103 2352 im·

91 2385 233 2464 possibile
267 2387 312 2444 est
342 2384 429 2460 mihi,
460 2388 496 2442 ut
526 2386 699 2459 protraham
729 2385 841 2442 lineam
871 2389 984 2443 rectam
1013 2402 1104 2460 supra

90 2477 200 2550 locum,
222 2475 254 2532 in
277 2473 362 2533 cuius
385 2473 482 2532 medio
506 2476 551 2532 est
574 2473 678 2532 civitas
699 2477 753 2531 aut
769 2466 924 2550 flumen2);
948 2477 978 2532 61
995 2473 1103 2548 impos·
1118 2485 1143 2525 2⁵

92 2563 180 2624 sibile
200 2565 245 2622 est
258 2557 381 2641 <mihi>,
399 2565 435 2621 ut
452 2563 626 2638 protraham
643 2563 753 2620 lineam
771 2565 883 2620 rectam
896 2563 928 2620 in
941 2562 1104 2620 infinitum:

93 2652 245 2712 infinitum
264 2651 342 2709 enim
360 2671 420 2711 non
438 2650 611 2726 reperitur.“
649 2649 706 2708 Sed
725 2651 778 2726 qui
795 2651 856 2710 ista
874 2651 985 2725 dicunt,
1005 2650 1103 2710 existi-

92 2744 192 2815 mant,
221 2740 300 2816 quod
326 2740 399 2814 ista,
427 2760 485 2816 que
512 2741 739 2815 promittuntur,
767 2760 826 2799 non
849 2743 918 2799 sunt
940 2739 1104 2800 necessaria

92 2830 153 2890 nisi
172 2829 208 2905 ei,
227 2829 309 2887 cuius
328 2829 490 2906 geometria
510 2829 644 2888 consistit
661 2829 693 2887 in
711 2829 837 2887 materia
856 2832 982 2904 tantum,
1001 2831 1105 2904 postea

93 2938 174 2994 vero,
198 2918 250 2994 qui
273 2918 351 2976 dicet
373 2918 409 2975 de
428 2917 592 2993 equalitate
610 2921 756 2976 rectorum
775 2919 962 2995 angulorum,
986 2921 1015 2976 et
1034 2937 1104 2994 quo·
1119 2931 1145 2972 ao

93 3008 182 3067 modo
210 3007 333 3082 reperit,
361 3007 440 3081 quod
466 3006 614 3082 premisit,
640 3007 696 3066 hoc
723 3026 782 3065 non
809 3007 883 3066 facit
905 3007 963 3067 nisi
984 3010 1106 3084 propter

93 3095 265 3166 materiam,
298 3098 328 3153 et
359 3095 496 3154 similiter
528 3096 619 3153 etiam
649 3096 680 3154 in
712 3096 779 3156 aliis
809 3096 1016 3172 petitionibus,
1049 3117 1105 3173 que

168 3289 193 3337 2.
211 3284 339 3352 ponetur.
359 3314 393 3322 -
413 3288 454 3337 10.
475 3298 503 3336 se
522 3299 572 3351 per
591 3299 627 3338 sc.

169 3481 195 3548 1)
215 3476 336 3531 (1111111111
352 3478 427 3547 apud
441 3479 571 3534 Paocnuu
587 3485 645 3549 185,
661 3486 723 3548 osq.
743 3512 777 3521 —
797 3481 824 3550 2)
842 3479 919 3534 Haec
932 3479 1017 3533 verba
1032 3479 1106 3548 apud

98 3549 401 3620 Bascama-Humano,
420 3568 447 3619 p.
464 3556 497 3604 15
517 3550 625 3606 desunt.
