2408 3848
392 149 442 202 AD
461 148 647 203 EUCLIDEM
665 148 730 203 LIB.
746 148 779 202 X.
884 195 887 200 ,
1019 147 1082 211 237

72 316 227 393 quadrati,
255 336 324 394 orgo
352 319 392 376 de
420 318 617 377 communicat
642 336 679 377 ze
705 318 737 375 in
764 316 958 394 longitudino.
1004 315 1084 393 Ergo

74 407 131 464 due
159 406 237 463 linae
264 408 304 466 da
332 409 362 464 et
389 408 429 465 de
456 410 525 466 sunt
552 406 608 465 duo
637 407 714 464 lineo
744 407 777 463 in
803 406 939 482 potentia
966 408 1086 464 tantum

74 495 237 554 rationales
261 498 292 554 ot
314 497 578 571 communicantes,
605 515 730 571 quarum
752 496 862 568 minor,
888 514 945 571 que
969 496 1015 553 est
1037 496 1086 568 da,

75 584 273 643 communicat
295 584 373 642 lineo
395 585 547 658 rationali,
570 581 600 643 et
623 587 662 644 da
684 585 801 662 longior
819 586 918 660 potest
937 602 1028 659 supra
1045 584 1086 641 ad

75 692 145 732 oum
175 676 334 750 augmento
364 674 441 732 lineo
471 673 714 732 communicantis
743 673 800 732 sibi
828 673 861 730 in
889 671 1086 750 longitudino.
1113 681 1126 722 ὅ

75 761 135 820 Sed
158 763 198 820 de
220 764 266 820 est
288 763 404 837 equalis
427 763 472 838 tle,
496 766 526 821 et
549 764 589 822 da
611 765 656 822 est
679 762 793 838 equalis
816 763 863 836 th,
885 780 955 839 orgo
977 762 1020 819 blo
1042 762 1087 818 est

75 850 240 909 binomium
267 852 440 910 seeundum:
469 854 499 910 et
525 851 601 909 illud
624 853 682 926 est,
710 851 789 926 quod
812 851 1013 909 demonstrare
1035 869 1086 908 vo-

75 940 195 998 luimus,

166 1028 299 1105 Figura
327 1030 369 1087 ad
396 1028 651 1088 inveniendum
676 1027 872 1087 binomium
894 1018 1086 1107 torcium.¹)

79 1117 285 1192 Ostendam,
308 1118 470 1192 qualiter
487 1118 682 1177 binomium
700 1117 851 1176 tercium
868 1116 1086 1175 inveniatur.
1102 1127 1128 1165 1⁰

169 1205 215 1264 Sit
236 1206 338 1281 itaquo
361 1208 402 1266 ab
425 1226 565 1266 numerus
589 1207 764 1282 quadratuS,
792 1225 811 1264 a
834 1224 892 1280 quo
915 1199 1089 1282 (dividam)

79 1295 171 1353 otiam
200 1314 354 1353 numerum
382 1298 421 1370 bo
448 1296 636 1372 quadratum.
688 1295 755 1353 Erit
785 1313 855 1372 ergo
884 1294 1088 1369 unusquisque

80 1383 206 1442 duorum
233 1404 423 1443 numerorum
450 1387 491 1444 ab
519 1388 549 1444 ot
572 1387 611 1458 by
639 1384 815 1461 quadratus3
843 1402 997 1441 numerum
1019 1401 1089 1441 voro

280 1537 468 1643 bquoolrutus
505 1555 523 1643 ρ
587 1553 645 1590 uon
663 1537 815 1605 quadratus
876 1552 895 1635 u

510 1699 662 1766 quadratus

402 1805 412 1859 l
548 1875 616 1884 Vk
756 1804 774 1856 lo

856 1872 914 1909 -l

548 1891 550 1910 ;
614 1888 616 1910 ⁵
657 1927 714 1965 uon
732 1912 884 1979 quadratus

87 2826 130 2881 oy
147 2826 257 2883 ponam
275 2827 335 2866 non
353 2807 543 2883 quadratum,
566 2809 595 2866 et
613 2825 723 2883 ponam
740 2826 896 2865 numerum
914 2804 1015 2878 alium,
1038 2823 1094 2879 que

87 2897 128 2954 sit
153 2897 184 2972 lo,
212 2915 272 2955 non
300 2896 491 2972 quadratum,
520 2898 549 2954 et
576 2914 685 2972 ponam
711 2897 822 2955 lineam
846 2897 881 2954 bt
902 2893 1095 2953 inoommuni-
1109 2908 1138 2949 ro

88 2989 204 3044 oantem
232 2986 322 3044 alioui
348 2986 425 3044 lineo
447 2985 588 3044 rationali
610 2986 642 3042 in
664 2985 865 3063 longitudine,
892 2983 989 3059 sitque
1016 2982 1096 3040 linea

89 3076 99 3131 l
121 3075 276 3133 rationalis
303 3075 415 3151 posita3
443 3078 474 3134 ot
495 3094 627 3151 ponam,¹
645 3077 679 3133 ut
705 3067 857 3151 proportio
886 3076 926 3133 ub
955 3072 993 3131 ad
1016 3073 1034 3130 a
1057 3071 1096 3130 sit

163 3268 203 3316 11.
226 3264 283 3318 Pro
301 3265 379 3318 uerbo
398 3262 523 3317 dividam
542 3263 668 3332 Mscptm.
688 3264 816 3318 lacunam
833 3263 918 3317 babet.

164 3463 189 3527 1)
216 3459 352 3513 Eucnmns
375 3457 412 3525 X,
432 3464 465 3511 47
494 3457 646 3527 (Gauranos
665 3457 701 3526 X,
721 3464 768 3526 443
796 3457 961 3511 Hnmnusrus
981 3455 1018 3524 X,
1037 3423 1082 3524 bo)

92 3531 253 3586 Biuouzium
269 3531 378 3587 artium
396 3531 566 3601 inoestioore.
