2408 3848
99 147 164 211 218
387 147 551 202 ANARITH
569 145 825 201 COMMENTARII

188 317 233 373 Ex
256 317 312 375 hae
334 316 431 393 figura
455 314 617 389 ostendam,
641 315 721 391 quod
744 315 1016 390 quadratorum,
1040 334 1107 389 que

99 405 195 463 fiunt
230 424 270 463 ex
301 404 409 463 lineis
441 404 842 478 incommunioantibus,
878 404 921 461 ad
952 403 1106 460 invicem

99 494 288 569 proportio
320 513 389 551 non
422 497 476 552 est
508 495 601 552 siout
632 492 821 569 proportio
853 492 991 550 numeri
1021 512 1106 567 qua-

99 583 196 640 drati
220 582 466 641 adnumerum
489 582 712 658 quadratum.

72 685 85 725 s
186 671 297 730 Latera
328 675 399 730 sunt
425 672 456 729 in
483 672 670 748 longitudine
697 671 988 730 incommunioantes.
1041 669 1108 728 Sint

99 779 169 837 ergo
198 760 275 818 linee
299 779 318 819 o
345 762 377 818 ot
395 762 420 819 -b
446 760 729 819 incommunioantes
756 760 788 817 in
814 759 1015 836 longitudine,
1047 778 1107 817 non

99 849 156 907 erit
182 868 252 927 ergo
280 850 434 925 quantitas
462 848 625 908 eommunis
650 849 692 907 eis
719 867 892 907 mensurans
916 867 979 923 eaS,
1009 867 1105 923 neque

98 937 155 995 erit
168 938 270 1013 aliqua
281 958 315 995 ex
329 938 557 1013 quantitatibus,
571 938 654 996 ouius

96 1027 250 1102 proportio
279 1028 317 1085 ad
344 1046 394 1086 eas
422 1027 462 1085 sit
488 1026 653 1085 rationalis.
689 1089 693 1126 Ι
792 1020 807 1072 b
906 1089 909 1125 Ι
963 1035 1106 1124 ,βα-ι

57 1129 83 1170 ro
96 1115 254 1190 Proportio
270 1135 340 1174 vero
354 1135 543 1174 numerorum
557 1116 595 1173 ad
608 1116 652 1173 in·

95 1204 191 1262 vicem
209 1207 255 1263 est
272 1205 426 1281 proportio
440 1205 609 1263 rationalis:
628 1202 809 1281 impossibile
829 1205 874 1262 est
891 1203 993 1280 igitur,
1012 1207 1047 1260 ut
1065 1204 1107 1261 sit

95 1294 250 1368 proportio
266 1313 285 1352 o
303 1294 342 1352 ad
356 1296 373 1352 b
389 1295 466 1353 siout
478 1293 631 1370 proportio
645 1292 761 1350 numeri
774 1292 813 1350 ad
827 1312 991 1366 numerum,
1011 1311 1103 1367 quon-

95 1381 157 1440 iam
170 1402 230 1440 non
244 1383 404 1459 accipimus
419 1383 477 1442 nisi
491 1401 639 1457 numeros,
659 1383 691 1440 in
706 1381 812 1456 quibus
827 1385 873 1440 est
887 1401 922 1439 er
936 1381 1104 1440 unitatibus

96 1473 254 1530 seeundum
266 1491 435 1531 mensuram
445 1472 625 1548 quantitatis
635 1470 797 1530 eommunis
807 1470 965 1545 unicuique
975 1470 1105 1527 duarum

56 1572 81 1614 15
96 1561 308 1636 quantitatum,
332 1561 582 1637 quemadmodum
600 1563 750 1618 ostensum
768 1561 814 1618 est
831 1559 863 1616 in
880 1559 978 1635 figura
997 1559 1103 1634 quinta

94 1649 182 1709 huius
205 1650 308 1724 partis.
356 1649 429 1708 Cum
457 1668 527 1726 ergo
557 1669 616 1708 non
643 1648 736 1706 fuerit
763 1647 917 1724 quantitas
940 1648 1103 1706 eommunis

95 1738 168 1814 eius,
191 1757 251 1796 non
273 1739 464 1797 invenientur
486 1739 544 1795 duo
563 1737 678 1794 numeri
697 1737 858 1795 secundum
880 1737 1104 1812 proportionem

94 1845 204 1900 earum,
227 1847 322 1901 neque
347 1827 403 1885 erit
425 1825 578 1902 proportio
597 1825 684 1884 unius
704 1845 806 1883 earum
824 1826 863 1883 ad
882 1827 1008 1884 alteram
1026 1825 1104 1883 siout

93 1915 246 1990 proportio
269 1915 385 1972 numeri
407 1915 446 1972 ad
468 1933 630 1972 numerum.
666 1914 831 1990 Postquam
852 1914 946 1992 igitur
968 1932 1027 1972 non
1046 1915 1104 1972 orit

53 2016 80 2056 2⁰
93 2003 246 2078 proportio
269 2003 356 2061 unius
380 2023 482 2062 earum
505 2003 543 2061 ad
566 2005 692 2062 alteram
715 2004 793 2062 siout
814 2003 968 2079 proportio
987 2004 1102 2061 numeri

94 2090 132 2148 ad
154 2110 318 2166 numerum,
341 2111 401 2151 non
419 2093 477 2150 orit
494 2093 648 2168 proportio
672 2093 886 2168 quadratorum
909 2093 1102 2166 adinvicem,

93 2198 150 2254 que
172 2179 250 2237 fiunt
273 2200 308 2238 ex
330 2181 391 2240 illis
413 2182 514 2256 lineis,
542 2182 618 2240 siout
644 2181 798 2257 proportio
821 2183 938 2240 numeri
962 2181 1101 2256 quadrati

93 2268 132 2325 ad
159 2288 315 2346 numerum
345 2271 538 2346 quadratum,
571 2271 712 2346 quoniam
734 2271 851 2328 numeri
879 2270 1018 2346 quadrati
1041 2289 1101 2328 non

92 2361 162 2416 sunt
179 2357 239 2432 illi,
271 2379 397 2434 quorum
422 2361 519 2418 latera
546 2363 616 2418 sunt
638 2361 774 2434 inventa,
806 2362 836 2417 et
860 2378 916 2434 que
940 2362 1009 2418 sunt
1031 2362 1103 2434 post

52 2457 77 2499 as
91 2446 292 2506 inventionem
316 2467 402 2507 suam
425 2449 584 2507 secundum
606 2449 829 2524 proportionem
851 2449 1005 2506 linearum.
1043 2447 1101 2506 Sed

91 2537 221 2610 positum
253 2540 312 2611 est,
344 2538 423 2613 quod
450 2539 527 2596 linee
554 2538 686 2613 predicte
714 2540 783 2596 sunt
807 2538 1100 2612 inoommunioantes,

91 2624 204 2683 seilicet
235 2627 517 2686 inoommunioantes
549 2627 580 2684 in
608 2625 806 2704 longitudine:
838 2645 898 2684 non
931 2629 976 2684 est
1007 2627 1101 2702 igitur

90 2732 230 2772 numerus
259 2716 422 2790 quadratus
450 2716 612 2774 secundum
635 2717 858 2792 proportionem
885 2715 1100 2790 quadratorum

90 2802 236 2862 linearum
258 2805 580 2863 inoommunioantium.

49 2903 76 2945 oo
178 2892 293 2951 Huius
317 2896 434 2951 autem
452 2894 676 2952 inventionis
700 2895 888 2953 conversio
912 2896 965 2952 est
988 2894 1058 2950 heo.

179 2979 261 3040 (ium
279 3001 349 3040 non
367 2983 480 3041 fuerit
499 2983 761 3058 quadratorum
780 2983 823 3042 ad
841 2984 994 3042 invicem
1016 3001 1099 3057 pro-

88 3071 222 3145 portio,
255 3090 320 3146 que
347 3072 444 3130 fiunt
471 3091 510 3130 ex
537 3072 659 3146 lineis,
691 3073 787 3131 siout
814 3073 1004 3148 proportio
1036 3091 1098 3128 nu-

88 3160 176 3218 meri
212 3161 385 3236 quadrati
422 3161 464 3219 ad
501 3181 681 3219 numerum
714 3161 942 3237 quadratum,
978 3161 1099 3218 latera

160 3317 184 3366 7.
208 3310 276 3366 eius.
305 3343 339 3353 -
369 3317 480 3366 12-13.
509 3311 643 3380 quoniam
666 3329 732 3367 vero
755 3330 819 3368 non.
850 3345 883 3353 -
914 3320 954 3367 14.
979 3313 1098 3367 duarum

823 3407 957 3445 9numerur

85 3453 218 3598 mapa
230 3486 266 3536 -Ι
279 3459 326 3581 t18.
346 3455 454 3527 earum]
469 3453 537 3509 eius.
548 3487 582 3496 -
597 3456 633 3510 ad
648 3455 779 3528 alteram]
800 3456 836 3510 ad
855 3456 981 3511 alteram.
1000 3489 1035 3497 -
1054 3463 1097 3511 32.

218 3541 279 3581 erm

69 3588 116 3633 fi.
