2408 3848
110 164 152 228 62
397 158 836 216 Aurarrncommrmnn

110 351 180 409 ergo
205 332 244 404 oq
268 334 313 389 est
335 329 431 389 maior
447 329 514 388 basi
533 347 579 404 εις
603 332 633 387 et
650 328 726 387 illud
744 331 798 404 est,
821 327 900 404 quod
919 327 1124 390 demonstrare

109 411 295 500 voluimus.¹)

176 509 263 583 Hoc,
292 508 384 584 quod
411 507 588 583 sequitur,
614 506 736 584 figure
764 505 933 566 vicesimo
961 499 1123 589 quinte¹)

112 597 272 656 additum
308 599 362 655 est
394 597 505 671 absque
541 597 591 655 via
623 594 856 669 contrarietatis,
893 595 974 670 quod
1007 597 1124 672 equalis

84 687 203 762 toperi,
227 686 278 745 sed
301 685 364 744 eius
386 685 570 744 inventorem
591 683 712 743 minime
735 675 872 764 inveni.³)

178 774 292 834 Ponam
309 774 422 849 itaque,
440 777 474 832 ut
493 774 619 832 duorum
636 773 857 850 triangulorum
876 773 950 849 aba,
968 774 1030 834 dea
1044 775 1126 834 latiis

112 867 154 925 ob
178 864 217 923 sit
240 863 344 939 equale
367 863 456 921 lateri
480 864 527 938 de,
551 865 581 921 et
603 863 682 921 latus
706 880 748 936 oq
771 861 810 920 sit
833 862 940 936 equale
963 862 1057 922 lateri
1079 865 1128 938 da,

112 955 163 1013 sed
190 953 338 1028 reliquum
364 953 444 1010 latus
473 953 512 1026 by
539 951 579 1010 sit
605 950 701 1009 maius
727 951 821 1008 latere
847 949 963 1026 reliquo
988 969 1037 1012 cat
1061 952 1128 1012 dico

112 2253 191 2311 ergo,
214 2234 292 2309 quod
316 2235 442 2311 angulus
466 2236 530 2310 boa
553 2239 598 2294 est
619 2236 715 2296 maior
737 2238 846 2314 anguto
871 2239 937 2298 ead.
978 2237 1127 2299 Probatio

71 2323 183 2396 meins,
207 2322 348 2398 quoniam
370 2325 543 2398 protraham
565 2325 676 2383 lineam
699 2344 733 2386 ee
755 2344 848 2401 usquo
868 2326 906 2384 ad
923 2327 942 2384 h
960 2327 1127 2388 secundum

111 2411 328 2486 rectitudinem,
351 2415 381 2470 et
398 2431 515 2488 ponam,
538 2415 575 2471 ut
593 2414 630 2472 eh
648 2413 689 2472 sit
707 2414 820 2491 equalis
839 2416 888 2490 bq,
911 2417 941 2474 et
958 2415 1127 2490 producam

110 2501 221 2559 lineam
256 2503 294 2560 ed
322 2502 481 2560 secundum
507 2502 716 2562 rectitudinem
743 2522 835 2579 usque
863 2504 901 2562 ad
928 2506 1080 2580 punctum
1106 2510 1126 2582 t,

112 2593 142 2648 et
164 2609 274 2666 ponam
296 2592 332 2649 dt
354 2591 490 2666 equalem
513 2609 563 2665 aq,
587 2594 617 2649 et
638 2611 748 2667 ponam
770 2595 913 2669 punctum
935 2594 955 2651 d
978 2597 1126 2668 centrum,

112 2681 142 2737 et
169 2698 237 2737 cum
261 2679 358 2754 spatio
382 2682 417 2739 dt
442 2679 606 2738 describam
629 2698 730 2740 arcum
753 2683 813 2742 tta
860 2681 900 2739 Et
923 2680 996 2756 quia
1018 2684 1057 2741 td
1080 2686 1127 2742 est

72 2781 98 2821 15
112 2768 226 2843 equalis
255 2770 319 2843 da,
337 2771 369 2827 et
395 2768 452 2828 duo
480 2769 577 2827 latera
605 2770 645 2828 ab
674 2772 704 2828 et
731 2788 773 2844 oq
801 2769 901 2844 posita
927 2769 1016 2845 quasi
1043 2771 1126 2830 linea

183 2907 223 2955 15.
244 2901 337 2973 quasi]
357 2901 431 2969 quia.

184 3048 209 3113 1)
228 3046 352 3098 Paccius
372 3049 432 3112 339,
453 3049 519 3112 deq.

183 3121 209 3184 2)
229 3115 364 3169 Encnmas
383 3115 403 3182 I,
424 3120 470 3170 25:
499 3115 626 3170 Omnium
644 3117 761 3170 duorum
778 3115 989 3185 trioaqatoram,
1007 3132 1127 3187 quonam

111 3189 165 3241 duo
185 3188 271 3241 latero
289 3187 374 3240 corias
392 3187 497 3240 duobus
516 3187 644 3241 lateribus
663 3188 776 3242 alterius
793 3187 899 3253 fuerint
912 3187 1031 3256 equatio,
1051 3189 1126 3244 aare

109 3275 172 3313 cero
194 3259 279 3312 caius
303 3258 362 3311 bost
384 3258 497 3312 alterius
518 3259 603 3324 faerit
620 3259 721 3325 maior,
744 3258 796 3312 erit
813 3273 917 3327 qaoque
935 3259 1057 3328 coeatur
1075 3261 1126 3316 tri·

111 3329 209 3399 oayote'
231 3329 345 3382 maioris
366 3328 424 3382 illie
446 3329 521 3397 equis
540 3329 670 3384 lateribus
687 3335 826 3384 contentos
844 3329 946 3400 aaqato
964 3330 1082 3386 alteim
1099 3347 1126 3386 ee

110 3401 267 3470 respiciente
285 3400 380 3453 maior.

111 3541 138 3595 d.
160 3473 208 3596 ffit)
228 3471 351 3524 Paocnos
371 3475 431 3536 846,
452 3475 484 3522 12
496 3487 545 3540 eq,
565 3469 614 3538 qui
632 3471 753 3526 Heroum
775 3488 835 3527 esse
854 3471 1126 3530 demonstrationem

131 3559 167 3595 101
184 3585 189 3596 .
