<?xml version="1.0" encoding="UTF-8"?>
<!DOCTYPE html PUBLIC "-//W3C//DTD XHTML 1.0 Transitional//EN"
    "http://www.w3.org/TR/xhtml1/DTD/xhtml1-transitional.dtd">
<html xmlns="http://www.w3.org/1999/xhtml" xml:lang="en" lang="en">
 <head>
  <title>
</title>
<meta http-equiv="Content-Type" content="text/html;charset=utf-8" />
  <meta name='ocr-system' content='tesseract 3.04.00' />
  <meta name='ocr-capabilities' content='ocr_page ocr_carea ocr_par ocr_line ocrx_word'/>
</head>
<body>
  <div class='ocr_page' id='page_1' title='image "./euclidisoperaom18unkngoog/euclidisoperaom18unkngoog_0019.png"; bbox 0 0 2408 3848; ppageno 0'>
   <div class='ocr_carea' id='block_1_1' title="bbox 99 154 745 212">
    <p class='ocr_par' dir='ltr' id='par_1_1' title="bbox 99 154 745 212">
     <span class='ocr_line' id='line_1_1' title="bbox 99 154 745 212; baseline -0.003 -2"><span class='ocrx_word' id='word_1_1' title='bbox 99 157 165 212; x_wconf 85' lang='lat' dir='ltr'>XIV</span> <span class='ocrx_word' id='word_1_2' title='bbox 463 154 745 212; x_wconf 82' lang='lat' dir='ltr'>PROLEGOMENA.</span> 
     </span>
    </p>
   </div>
   <div class='ocr_carea' id='block_1_2' title="bbox 97 313 1109 784">
    <p class='ocr_par' dir='ltr' id='par_1_2' title="bbox 97 313 1109 784">
     <span class='ocr_line' id='line_1_2' title="bbox 99 313 1109 385; baseline -0.001 -14"><span class='ocrx_word' id='word_1_3' title='bbox 99 318 181 372; x_wconf 80' lang='lat' dir='ltr'>liaeo.</span> <span class='ocrx_word' id='word_1_4' title='bbox 212 315 318 370; x_wconf 83' lang='lat' dir='ltr'>Eodem</span> <span class='ocrx_word' id='word_1_5' title='bbox 331 316 414 370; x_wconf 91' lang='lat' dir='ltr'>modo</span> <span class='ocrx_word' id='word_1_6' title='bbox 429 316 547 369; x_wconf 93' lang='lat' dir='ltr'>utuntur</span> <span class='ocrx_word' id='word_1_7' title='bbox 562 313 620 367; x_wconf 90' lang='lat' dir='ltr'>fere</span> <span class='ocrx_word' id='word_1_8' title='bbox 635 330 729 368; x_wconf 90' lang='lat' dir='ltr'>omnes</span> <span class='ocrx_word' id='word_1_9' title='bbox 748 315 942 369; x_wconf 74' lang='lat' dir='ltr'>mathematici</span> <span class='ocrx_word' id='word_1_10' title='bbox 962 315 1109 385; x_wconf 74' lang='lat' dir='ltr'>scriptores</span> 
     </span>
     <span class='ocr_line' id='line_1_3' title="bbox 98 395 1109 464; baseline -0.001 -15"><span class='ocrx_word' id='word_1_11' title='bbox 98 395 186 449; x_wconf 91' lang='lat' dir='ltr'>medii</span> <span class='ocrx_word' id='word_1_12' title='bbox 209 396 284 464; x_wconf 89' lang='lat' dir='ltr'>aevi,</span> <span class='ocrx_word' id='word_1_13' title='bbox 312 395 451 464; x_wconf 90' lang='lat' dir='ltr'>huiusque</span> <span class='ocrx_word' id='word_1_14' title='bbox 474 413 541 449; x_wconf 91' lang='lat' dir='ltr'>usus</span> <span class='ocrx_word' id='word_1_15' title='bbox 563 410 669 448; x_wconf 89' lang='lat' dir='ltr'>memor</span> <span class='ocrx_word' id='word_1_16' title='bbox 692 411 752 448; x_wconf 89' lang='lat' dir='ltr'>esse</span> <span class='ocrx_word' id='word_1_17' title='bbox 774 395 870 463; x_wconf 90' lang='lat' dir='ltr'>debet,</span> <span class='ocrx_word' id='word_1_18' title='bbox 898 395 995 463; x_wconf 91' lang='lat' dir='ltr'>quiin</span> <span class='ocrx_word' id='word_1_19' title='bbox 1014 412 1109 450; x_wconf 91' lang='lat' dir='ltr'>eorum</span> 
     </span>
     <span class='ocr_line' id='line_1_4' title="bbox 99 473 1108 529; baseline 0 -1"><span class='ocrx_word' id='word_1_20' title='bbox 99 474 195 528; x_wconf 86' lang='lat' dir='ltr'>studia</span> <span class='ocrx_word' id='word_1_21' title='bbox 218 474 364 529; x_wconf 79' lang='lat' dir='ltr'>incumbit.</span> <span class='ocrx_word' id='word_1_22' title='bbox 405 473 573 527; x_wconf 83' lang='lat' dir='ltr'>Nominibus</span> <span class='ocrx_word' id='word_1_23' title='bbox 595 476 739 527; x_wconf 90' lang='lat' dir='ltr'>auctorum</span> <span class='ocrx_word' id='word_1_24' title='bbox 759 474 927 529; x_wconf 81' lang='lat' dir='ltr'>Graecorum</span> <span class='ocrx_word' id='word_1_25' title='bbox 946 475 1108 528; x_wconf 78' lang='lat' dir='ltr'>Gnsainnus</span> 
     </span>
     <span class='ocr_line' id='line_1_5' title="bbox 100 553 1107 625; baseline -0.001 -17"><span class='ocrx_word' id='word_1_26' title='bbox 100 570 134 608; x_wconf 92' lang='lat' dir='ltr'>ea</span> <span class='ocrx_word' id='word_1_27' title='bbox 151 555 242 608; x_wconf 90' lang='lat' dir='ltr'>forma</span> <span class='ocrx_word' id='word_1_28' title='bbox 256 554 353 622; x_wconf 89' lang='lat' dir='ltr'>utitur,</span> <span class='ocrx_word' id='word_1_29' title='bbox 373 570 445 622; x_wconf 91' lang='lat' dir='ltr'>quae</span> <span class='ocrx_word' id='word_1_30' title='bbox 460 554 536 622; x_wconf 89' lang='lat' dir='ltr'>apud</span> <span class='ocrx_word' id='word_1_31' title='bbox 549 553 656 607; x_wconf 86' lang='lat' dir='ltr'>Arabes</span> <span class='ocrx_word' id='word_1_32' title='bbox 671 554 786 624; x_wconf 88' lang='lat' dir='ltr'>vulgata</span> <span class='ocrx_word' id='word_1_33' title='bbox 800 557 868 624; x_wconf 89' lang='lat' dir='ltr'>erat,</span> <span class='ocrx_word' id='word_1_34' title='bbox 888 571 974 622; x_wconf 90' lang='lat' dir='ltr'>quare</span> <span class='ocrx_word' id='word_1_35' title='bbox 989 554 1107 625; x_wconf 87' lang='lat' dir='ltr'>legimus</span> 
     </span>
     <span class='ocr_line' id='line_1_6' title="bbox 97 633 1107 704; baseline 0 -17"><span class='ocrx_word' id='word_1_36' title='bbox 97 634 252 688; x_wconf 76' lang='lat' dir='ltr'>Assurrnss</span> <span class='ocrx_word' id='word_1_37' title='bbox 277 651 327 703; x_wconf 90' lang='lat' dir='ltr'>pro</span> <span class='ocrx_word' id='word_1_38' title='bbox 347 634 520 701; x_wconf 82' lang='lat' dir='ltr'>Aacnnrnna,</span> <span class='ocrx_word' id='word_1_39' title='bbox 544 633 740 688; x_wconf 68' lang='lat' dir='ltr'>amaremus</span> <span class='ocrx_word' id='word_1_40' title='bbox 758 651 809 703; x_wconf 92' lang='lat' dir='ltr'>pro</span> <span class='ocrx_word' id='word_1_41' title='bbox 829 635 979 704; x_wconf 77' lang='lat' dir='ltr'>Summum,</span> <span class='ocrx_word' id='word_1_42' title='bbox 1003 635 1107 688; x_wconf 78' lang='lat' dir='ltr'>Assius</span> 
     </span>
     <span class='ocr_line' id='line_1_7' title="bbox 97 714 612 784; baseline 0.004 -18"><span class='ocrx_word' id='word_1_43' title='bbox 97 732 147 783; x_wconf 88' lang='lat' dir='ltr'>pro</span> <span class='ocrx_word' id='word_1_44' title='bbox 167 715 282 784; x_wconf 77' lang='lat' dir='ltr'>Gamo,</span> <span class='ocrx_word' id='word_1_45' title='bbox 301 715 405 768; x_wconf 79' lang='lat' dir='ltr'>Ynmus</span> <span class='ocrx_word' id='word_1_46' title='bbox 423 730 473 783; x_wconf 91' lang='lat' dir='ltr'>pro</span> <span class='ocrx_word' id='word_1_47' title='bbox 491 714 612 768; x_wconf 80' lang='lat' dir='ltr'>Hanous.</span> 
     </span>
    </p>
   </div>
   <div class='ocr_carea' id='block_1_3' title="bbox 25 801 1133 2466">
    <p class='ocr_par' dir='ltr' id='par_1_3' title="bbox 25 801 1133 1670">
     <span class='ocr_line' id='line_1_8' title="bbox 170 801 1108 871; baseline 0 -15"><span class='ocrx_word' id='word_1_48' title='bbox 170 803 212 856; x_wconf 85' lang='lat' dir='ltr'>Ex</span> <span class='ocrx_word' id='word_1_49' title='bbox 231 801 439 858; x_wconf 86' lang='lat' dir='ltr'>commentariis</span> <span class='ocrx_word' id='word_1_50' title='bbox 458 803 579 855; x_wconf 81' lang='lat' dir='ltr'>Hnsours</span> <span class='ocrx_word' id='word_1_51' title='bbox 597 801 659 871; x_wconf 89' lang='lat' dir='ltr'>ille,</span> <span class='ocrx_word' id='word_1_52' title='bbox 679 819 762 870; x_wconf 91' lang='lat' dir='ltr'>quem</span> <span class='ocrx_word' id='word_1_53' title='bbox 780 803 817 856; x_wconf 90' lang='lat' dir='ltr'>ad</span> <span class='ocrx_word' id='word_1_54' title='bbox 836 804 987 856; x_wconf 91' lang='lat' dir='ltr'>secundum</span> <span class='ocrx_word' id='word_1_55' title='bbox 1004 803 1108 856; x_wconf 89' lang='lat' dir='ltr'>librum</span> 
     </span>
     <span class='ocr_line' id='line_1_9' title="bbox 100 882 1107 952; baseline -0.001 -16"><span class='ocrx_word' id='word_1_56' title='bbox 100 882 221 952; x_wconf 77' lang='lat' dir='ltr'>scripsit,</span> <span class='ocrx_word' id='word_1_57' title='bbox 236 883 357 936; x_wconf 84' lang='lat' dir='ltr'>maxime</span> <span class='ocrx_word' id='word_1_58' title='bbox 373 882 399 936; x_wconf 93' lang='lat' dir='ltr'>ei</span> <span class='ocrx_word' id='word_1_59' title='bbox 413 882 541 951; x_wconf 90' lang='lat' dir='ltr'>proprius</span> <span class='ocrx_word' id='word_1_60' title='bbox 556 898 616 936; x_wconf 89' lang='lat' dir='ltr'>esse</span> <span class='ocrx_word' id='word_1_61' title='bbox 630 882 748 952; x_wconf 87' lang='lat' dir='ltr'>videtur,</span> <span class='ocrx_word' id='word_1_62' title='bbox 763 882 812 950; x_wconf 92' lang='lat' dir='ltr'>qui</span> <span class='ocrx_word' id='word_1_63' title='bbox 825 883 923 937; x_wconf 92' lang='lat' dir='ltr'>modos</span> <span class='ocrx_word' id='word_1_64' title='bbox 938 882 1002 936; x_wconf 91' lang='lat' dir='ltr'>illos</span> <span class='ocrx_word' id='word_1_65' title='bbox 1017 883 1107 949; x_wconf 90' lang='lat' dir='ltr'>docet,</span> 
     </span>
     <span class='ocr_line' id='line_1_10' title="bbox 98 961 1106 1031; baseline -0.002 -15"><span class='ocrx_word' id='word_1_66' title='bbox 98 980 167 1031; x_wconf 91' lang='lat' dir='ltr'>quos</span> <span class='ocrx_word' id='word_1_67' title='bbox 186 961 271 1016; x_wconf 90' lang='lat' dir='ltr'>hodie</span> <span class='ocrx_word' id='word_1_68' title='bbox 289 963 601 1030; x_wconf 80' lang='lat' dir='ltr'>„Klammcraafldsea“</span> <span class='ocrx_word' id='word_1_69' title='bbox 619 964 648 1016; x_wconf 89' lang='lat' dir='ltr'>et</span> <span class='ocrx_word' id='word_1_70' title='bbox 665 963 864 1030; x_wconf 82' lang='lat' dir='ltr'>„Absoadera“</span> <span class='ocrx_word' id='word_1_71' title='bbox 876 963 1021 1017; x_wconf 89' lang='lat' dir='ltr'>nominare</span> <span class='ocrx_word' id='word_1_72' title='bbox 1036 963 1106 1016; x_wconf 87' lang='lat' dir='ltr'>sole-</span> 
     </span>
     <span class='ocr_line' id='line_1_11' title="bbox 97 1040 1107 1112; baseline -0.001 -16"><span class='ocrx_word' id='word_1_73' title='bbox 97 1060 167 1096; x_wconf 91' lang='lat' dir='ltr'>mus.</span> <span class='ocrx_word' id='word_1_74' title='bbox 206 1041 280 1106; x_wconf 81' lang='lat' dir='ltr'>Quos</span> <span class='ocrx_word' id='word_1_75' title='bbox 298 1041 396 1095; x_wconf 90' lang='lat' dir='ltr'>modos</span> <span class='ocrx_word' id='word_1_76' title='bbox 419 1040 449 1094; x_wconf 92' lang='lat' dir='ltr'>in</span> <span class='ocrx_word' id='word_1_77' title='bbox 468 1041 699 1096; x_wconf 82' lang='lat' dir='ltr'>adnotationibus</span> <span class='ocrx_word' id='word_1_78' title='bbox 717 1042 857 1096; x_wconf 83' lang='lat' dir='ltr'>modernis</span> <span class='ocrx_word' id='word_1_79' title='bbox 881 1042 969 1112; x_wconf 88' lang='lat' dir='ltr'>signis</span> <span class='ocrx_word' id='word_1_80' title='bbox 991 1043 1107 1096; x_wconf 89' lang='lat' dir='ltr'>denota·</span> 
     </span>
     <span class='ocr_line' id='line_1_12' title="bbox 97 1121 1106 1194; baseline 0 -18"><span class='ocrx_word' id='word_1_81' title='bbox 97 1122 194 1176; x_wconf 90' lang='lat' dir='ltr'>vimus.</span> <span class='ocrx_word' id='word_1_82' title='bbox 232 1121 437 1176; x_wconf 75' lang='lat' dir='ltr'>As-Nusrzms</span> <span class='ocrx_word' id='word_1_83' title='bbox 457 1137 567 1190; x_wconf 88' lang='lat' dir='ltr'>quoque</span> <span class='ocrx_word' id='word_1_84' title='bbox 585 1121 616 1175; x_wconf 94' lang='lat' dir='ltr'>in</span> <span class='ocrx_word' id='word_1_85' title='bbox 633 1121 705 1176; x_wconf 86' lang='lat' dir='ltr'>libro</span> <span class='ocrx_word' id='word_1_86' title='bbox 724 1125 825 1190; x_wconf 88' lang='lat' dir='ltr'>quarto</span> <span class='ocrx_word' id='word_1_87' title='bbox 844 1124 982 1194; x_wconf 78' lang='lat' dir='ltr'>aaalpsim</span> <span class='ocrx_word' id='word_1_88' title='bbox 1000 1124 1106 1177; x_wconf 72' lang='lat' dir='ltr'>dracoa-</span> 
     </span>
     <span class='ocr_line' id='line_1_13' title="bbox 97 1199 1133 1272; baseline 0 -15"><span class='ocrx_word' id='word_1_89' title='bbox 97 1202 239 1257; x_wconf 73' lang='lat' dir='ltr'>strationis</span> <span class='ocrx_word' id='word_1_90' title='bbox 266 1200 372 1270; x_wconf 87' lang='lat' dir='ltr'>primus</span> <span class='ocrx_word' id='word_1_91' title='bbox 397 1199 560 1256; x_wconf 85' lang='lat' dir='ltr'>adhibuisse</span> <span class='ocrx_word' id='word_1_92' title='bbox 582 1201 704 1271; x_wconf 87' lang='lat' dir='ltr'>videtur,</span> <span class='ocrx_word' id='word_1_93' title='bbox 733 1219 789 1270; x_wconf 88' lang='lat' dir='ltr'>qua</span> <span class='ocrx_word' id='word_1_94' title='bbox 812 1202 939 1272; x_wconf 88' lang='lat' dir='ltr'>docetur,</span> <span class='ocrx_word' id='word_1_95' title='bbox 968 1202 1106 1271; x_wconf 90' lang='lat' dir='ltr'>quomodo</span> <span class='ocrx_word' id='word_1_96' title='bbox 1132 1253 1133 1257; x_wconf 75' lang='grc'>,</span> 
     </span>
     <span class='ocr_line' id='line_1_14' title="bbox 97 1280 1107 1351; baseline 0 -17"><span class='ocrx_word' id='word_1_97' title='bbox 97 1284 195 1335; x_wconf 90' lang='lat' dir='ltr'>auctor</span> <span class='ocrx_word' id='word_1_98' title='bbox 206 1280 408 1334; x_wconf 91' lang='lat' dir='ltr'>elementorum</span> <span class='ocrx_word' id='word_1_99' title='bbox 422 1280 575 1336; x_wconf 87' lang='lat' dir='ltr'>solutiones</span> <span class='ocrx_word' id='word_1_100' title='bbox 589 1281 797 1351; x_wconf 88' lang='lat' dir='ltr'>problematum</span> <span class='ocrx_word' id='word_1_101' title='bbox 811 1285 840 1337; x_wconf 90' lang='lat' dir='ltr'>et</span> <span class='ocrx_word' id='word_1_102' title='bbox 854 1282 1107 1338; x_wconf 86' lang='lat' dir='ltr'>demonstrationes</span> 
     </span>
     <span class='ocr_line' id='line_1_15' title="bbox 97 1360 1107 1431; baseline 0 -16"><span class='ocrx_word' id='word_1_103' title='bbox 97 1361 303 1416; x_wconf 87' lang='lat' dir='ltr'>theorematum</span> <span class='ocrx_word' id='word_1_104' title='bbox 321 1360 468 1416; x_wconf 90' lang='lat' dir='ltr'>invenerit.</span> <span class='ocrx_word' id='word_1_105' title='bbox 496 1361 550 1414; x_wconf 91' lang='lat' dir='ltr'>Hic</span> <span class='ocrx_word' id='word_1_106' title='bbox 569 1379 679 1429; x_wconf 89' lang='lat' dir='ltr'>quoque</span> <span class='ocrx_word' id='word_1_107' title='bbox 698 1379 739 1431; x_wconf 89' lang='lat' dir='ltr'>ea,</span> <span class='ocrx_word' id='word_1_108' title='bbox 759 1379 831 1430; x_wconf 88' lang='lat' dir='ltr'>quae</span> <span class='ocrx_word' id='word_1_109' title='bbox 851 1363 885 1416; x_wconf 91' lang='lat' dir='ltr'>de</span> <span class='ocrx_word' id='word_1_110' title='bbox 900 1363 1107 1417; x_wconf 87' lang='lat' dir='ltr'>constructione</span> 
     </span>
     <span class='ocr_line' id='line_1_16' title="bbox 97 1440 1107 1510; baseline -0.002 -16"><span class='ocrx_word' id='word_1_111' title='bbox 97 1441 173 1495; x_wconf 78' lang='lat' dir='ltr'>Astis</span> <span class='ocrx_word' id='word_1_112' title='bbox 183 1442 288 1494; x_wconf 80' lang='lat' dir='ltr'>Wssss</span> <span class='ocrx_word' id='word_1_113' title='bbox 307 1441 338 1494; x_wconf 91' lang='lat' dir='ltr'>in</span> <span class='ocrx_word' id='word_1_114' title='bbox 353 1440 560 1496; x_wconf 88' lang='lat' dir='ltr'>adnotationel</span> <span class='ocrx_word' id='word_1_115' title='bbox 576 1443 613 1495; x_wconf 88' lang='lat' dir='ltr'>ad</span> <span class='ocrx_word' id='word_1_116' title='bbox 626 1459 691 1510; x_wconf 86' lang='lat' dir='ltr'>pag.</span> <span class='ocrx_word' id='word_1_117' title='bbox 704 1446 736 1494; x_wconf 77' lang='lat'>75</span> <span class='ocrx_word' id='word_1_118' title='bbox 752 1440 828 1494; x_wconf 91' lang='lat' dir='ltr'>dicta</span> <span class='ocrx_word' id='word_1_119' title='bbox 843 1445 931 1510; x_wconf 89' lang='lat' dir='ltr'>erant,</span> <span class='ocrx_word' id='word_1_120' title='bbox 950 1441 1107 1495; x_wconf 88' lang='lat' dir='ltr'>revocanda</span> 
     </span>
     <span class='ocr_line' id='line_1_17' title="bbox 97 1519 1106 1590; baseline -0.002 -16"><span class='ocrx_word' id='word_1_121' title='bbox 97 1523 169 1574; x_wconf 91' lang='lat' dir='ltr'>sunt.</span> <span class='ocrx_word' id='word_1_122' title='bbox 202 1520 279 1575; x_wconf 71' lang='lat' dir='ltr'>Asos</span> <span class='ocrx_word' id='word_1_123' title='bbox 294 1521 390 1590; x_wconf 80' lang='lat' dir='ltr'>Wssi,</span> <span class='ocrx_word' id='word_1_124' title='bbox 409 1521 458 1589; x_wconf 86' lang='lat' dir='ltr'>qui</span> <span class='ocrx_word' id='word_1_125' title='bbox 476 1523 559 1574; x_wconf 90' lang='lat' dir='ltr'>natus</span> <span class='ocrx_word' id='word_1_126' title='bbox 579 1523 622 1573; x_wconf 93' lang='lat' dir='ltr'>est</span> <span class='ocrx_word' id='word_1_127' title='bbox 640 1536 714 1573; x_wconf 88' lang='lat' dir='ltr'>anno</span> <span class='ocrx_word' id='word_1_128' title='bbox 730 1537 757 1588; x_wconf 92' lang='lat' dir='ltr'>p.</span> <span class='ocrx_word' id='word_1_129' title='bbox 773 1519 835 1573; x_wconf 84' lang='lat' dir='ltr'>Chr.</span> <span class='ocrx_word' id='word_1_130' title='bbox 850 1526 910 1588; x_wconf 84' lang='lat'>940,</span> <span class='ocrx_word' id='word_1_131' title='bbox 931 1522 1028 1573; x_wconf 88' lang='lat' dir='ltr'>auctor</span> <span class='ocrx_word' id='word_1_132' title='bbox 1047 1535 1106 1572; x_wconf 91' lang='lat' dir='ltr'>esse</span> 
     </span>
     <span class='ocr_line' id='line_1_18' title="bbox 25 1597 1108 1670; baseline -0.006 -15"><span class='ocrx_word' id='word_1_133' title='bbox 25 1612 27 1615; x_wconf 85' lang='grc'><strong>’</strong></span> <span class='ocrx_word' id='word_1_134' title='bbox 97 1617 154 1655; x_wconf 92' lang='lat' dir='ltr'>non</span> <span class='ocrx_word' id='word_1_135' title='bbox 179 1603 274 1670; x_wconf 91' lang='lat' dir='ltr'>potest</span> <span class='ocrx_word' id='word_1_136' title='bbox 302 1600 530 1667; x_wconf 85' lang='lat' dir='ltr'>constructionis,</span> <span class='ocrx_word' id='word_1_137' title='bbox 559 1599 637 1653; x_wconf 90' lang='lat' dir='ltr'>cuius</span> <span class='ocrx_word' id='word_1_138' title='bbox 663 1597 868 1652; x_wconf 75' lang='lat' dir='ltr'>Ars-Nummius</span> <span class='ocrx_word' id='word_1_139' title='bbox 891 1599 1030 1667; x_wconf 83' lang='lat' dir='ltr'>meminit,</span> <span class='ocrx_word' id='word_1_140' title='bbox 1059 1598 1108 1666; x_wconf 91' lang='lat' dir='ltr'>qui</span> 
     </span>
    </p>

    <p class='ocr_par' dir='ltr' id='par_1_4' title="bbox 75 1676 1106 2466">
     <span class='ocr_line' id='line_1_19' title="bbox 98 1676 1106 1748; baseline -0.006 -12"><span class='ocrx_word' id='word_1_141' title='bbox 98 1681 173 1736; x_wconf 87' lang='lat' dir='ltr'>circa</span> <span class='ocrx_word' id='word_1_142' title='bbox 191 1697 295 1734; x_wconf 89' lang='lat' dir='ltr'>annum</span> <span class='ocrx_word' id='word_1_143' title='bbox 310 1685 362 1733; x_wconf 86' lang='lat'>900</span> <span class='ocrx_word' id='word_1_144' title='bbox 380 1698 406 1748; x_wconf 92' lang='lat' dir='ltr'>p.</span> <span class='ocrx_word' id='word_1_145' title='bbox 423 1679 484 1733; x_wconf 86' lang='lat' dir='ltr'>Chr.</span> <span class='ocrx_word' id='word_1_146' title='bbox 503 1677 604 1733; x_wconf 89' lang='lat' dir='ltr'>floruit.</span> <span class='ocrx_word' id='word_1_147' title='bbox 633 1678 710 1731; x_wconf 90' lang='lat' dir='ltr'>Haec</span> <span class='ocrx_word' id='word_1_148' title='bbox 728 1676 817 1746; x_wconf 90' lang='lat' dir='ltr'>igitur</span> <span class='ocrx_word' id='word_1_149' title='bbox 835 1678 1014 1746; x_wconf 88' lang='lat' dir='ltr'>constructio,</span> <span class='ocrx_word' id='word_1_150' title='bbox 1034 1693 1106 1746; x_wconf 89' lang='lat' dir='ltr'>quae</span> 
     </span>
     <span class='ocr_line' id='line_1_20' title="bbox 97 1756 1106 1827; baseline -0.005 -13"><span class='ocrx_word' id='word_1_151' title='bbox 97 1778 154 1815; x_wconf 91' lang='lat' dir='ltr'>una</span> <span class='ocrx_word' id='word_1_152' title='bbox 169 1759 266 1814; x_wconf 90' lang='lat' dir='ltr'>circuli</span> <span class='ocrx_word' id='word_1_153' title='bbox 282 1760 414 1827; x_wconf 86' lang='lat' dir='ltr'>apertura</span> <span class='ocrx_word' id='word_1_154' title='bbox 428 1758 581 1826; x_wconf 87' lang='lat' dir='ltr'>conficitur,</span> <span class='ocrx_word' id='word_1_155' title='bbox 596 1774 630 1811; x_wconf 84' lang='lat' dir='ltr'>ex</span> <span class='ocrx_word' id='word_1_156' title='bbox 640 1756 746 1812; x_wconf 79' lang='lat' dir='ltr'>Graeco</span> <span class='ocrx_word' id='word_1_157' title='bbox 761 1757 839 1812; x_wconf 85' lang='lat' dir='ltr'>fonte</span> <span class='ocrx_word' id='word_1_158' title='bbox 852 1775 981 1812; x_wconf 90' lang='lat' dir='ltr'>manasse</span> <span class='ocrx_word' id='word_1_159' title='bbox 996 1757 1106 1826; x_wconf 90' lang='lat' dir='ltr'>ipsique</span> 
     </span>
     <span class='ocr_line' id='line_1_21' title="bbox 96 1835 1106 1902; baseline -0.005 -9"><span class='ocrx_word' id='word_1_160' title='bbox 96 1841 215 1895; x_wconf 85' lang='lat' dir='ltr'>fortasse</span> <span class='ocrx_word' id='word_1_161' title='bbox 233 1839 341 1891; x_wconf 76' lang='lat' dir='ltr'>Huncin</span> <span class='ocrx_word' id='word_1_162' title='bbox 365 1837 551 1892; x_wconf 90' lang='lat' dir='ltr'>adscribenda</span> <span class='ocrx_word' id='word_1_163' title='bbox 574 1853 634 1891; x_wconf 89' lang='lat' dir='ltr'>esse</span> <span class='ocrx_word' id='word_1_164' title='bbox 657 1837 774 1892; x_wconf 90' lang='lat' dir='ltr'>videtur.</span> <span class='ocrx_word' id='word_1_165' title='bbox 817 1837 960 1902; x_wconf 79' lang='lat' dir='ltr'>Quaeres</span> <span class='ocrx_word' id='word_1_166' title='bbox 985 1854 1017 1891; x_wconf 93' lang='lat' dir='ltr'>eo</span> <span class='ocrx_word' id='word_1_167' title='bbox 1035 1835 1106 1889; x_wconf 89' lang='lat' dir='ltr'>veri-</span> 
     </span>
     <span class='ocr_line' id='line_1_22' title="bbox 97 1916 1106 1987; baseline -0.005 -14"><span class='ocrx_word' id='word_1_168' title='bbox 97 1919 215 1973; x_wconf 91' lang='lat' dir='ltr'>similior</span> <span class='ocrx_word' id='word_1_169' title='bbox 232 1918 276 1987; x_wconf 91' lang='lat' dir='ltr'>fit,</span> <span class='ocrx_word' id='word_1_170' title='bbox 302 1916 379 1985; x_wconf 88' lang='lat' dir='ltr'>quod</span> <span class='ocrx_word' id='word_1_171' title='bbox 397 1916 484 1971; x_wconf 89' lang='lat' dir='ltr'>etiam</span> <span class='ocrx_word' id='word_1_172' title='bbox 502 1917 672 1971; x_wconf 82' lang='lat' dir='ltr'>constructio</span> <span class='ocrx_word' id='word_1_173' title='bbox 690 1918 811 1972; x_wconf 80' lang='lat' dir='ltr'>Hunorus</span> <span class='ocrx_word' id='word_1_174' title='bbox 831 1917 869 1971; x_wconf 90' lang='lat' dir='ltr'>ad</span> <span class='ocrx_word' id='word_1_175' title='bbox 886 1916 1106 1987; x_wconf 88' lang='lat' dir='ltr'>propositionem</span> 
     </span>
     <span class='ocr_line' id='line_1_23' title="bbox 96 1996 1105 2068; baseline -0.002 -16"><span class='ocrx_word' id='word_1_176' title='bbox 96 1998 274 2054; x_wconf 84' lang='lat' dir='ltr'>undecimam</span> <span class='ocrx_word' id='word_1_177' title='bbox 296 1996 380 2065; x_wconf 91' lang='lat' dir='ltr'>primi</span> <span class='ocrx_word' id='word_1_178' title='bbox 401 1996 468 2050; x_wconf 91' lang='lat' dir='ltr'>libri</span> <span class='ocrx_word' id='word_1_179' title='bbox 491 2001 526 2066; x_wconf 85' lang='lat' dir='ltr'>(v.</span> <span class='ocrx_word' id='word_1_180' title='bbox 545 2016 571 2066; x_wconf 93' lang='lat' dir='ltr'>p.</span> <span class='ocrx_word' id='word_1_181' title='bbox 588 2000 632 2068; x_wconf 83' lang='lat'>55)</span> <span class='ocrx_word' id='word_1_182' title='bbox 657 1997 756 2052; x_wconf 87' lang='lat' dir='ltr'>addita</span> <span class='ocrx_word' id='word_1_183' title='bbox 778 2015 835 2051; x_wconf 92' lang='lat' dir='ltr'>una</span> <span class='ocrx_word' id='word_1_184' title='bbox 858 1996 956 2050; x_wconf 88' lang='lat' dir='ltr'>circini</span> <span class='ocrx_word' id='word_1_185' title='bbox 975 1999 1105 2065; x_wconf 87' lang='lat' dir='ltr'>apertura</span> 
     </span>
     <span class='ocr_line' id='line_1_24' title="bbox 97 2076 1105 2148; baseline -0.002 -14"><span class='ocrx_word' id='word_1_186' title='bbox 97 2079 249 2134; x_wconf 89' lang='lat' dir='ltr'>conficitur.</span> <span class='ocrx_word' id='word_1_187' title='bbox 277 2076 350 2130; x_wconf 91' lang='lat' dir='ltr'>Hinc</span> <span class='ocrx_word' id='word_1_188' title='bbox 369 2093 435 2147; x_wconf 88' lang='lat' dir='ltr'>ergo</span> <span class='ocrx_word' id='word_1_189' title='bbox 455 2076 582 2146; x_wconf 87' lang='lat' dir='ltr'>efficitur,</span> <span class='ocrx_word' id='word_1_190' title='bbox 601 2078 678 2145; x_wconf 89' lang='lat' dir='ltr'>quod</span> <span class='ocrx_word' id='word_1_191' title='bbox 691 2079 786 2132; x_wconf 74' lang='lat' dir='ltr'>Kurra</span> <span class='ocrx_word' id='word_1_192' title='bbox 804 2078 821 2132; x_wconf 92' lang='lat' dir='ltr'>l.</span> <span class='ocrx_word' id='word_1_193' title='bbox 832 2077 858 2132; x_wconf 71' lang='lat' dir='ltr'>l.</span> <span class='ocrx_word' id='word_1_194' title='bbox 870 2081 964 2148; x_wconf 90' lang='lat' dir='ltr'>negat,</span> <span class='ocrx_word' id='word_1_195' title='bbox 984 2077 1105 2132; x_wconf 82' lang='lat' dir='ltr'>Graecos</span> 
     </span>
     <span class='ocr_line' id='line_1_25' title="bbox 95 2156 1106 2229; baseline -0.001 -16"><span class='ocrx_word' id='word_1_196' title='bbox 95 2159 271 2229; x_wconf 87' lang='lat' dir='ltr'>problemata</span> <span class='ocrx_word' id='word_1_197' title='bbox 289 2173 346 2210; x_wconf 88' lang='lat' dir='ltr'>una</span> <span class='ocrx_word' id='word_1_198' title='bbox 365 2158 496 2225; x_wconf 90' lang='lat' dir='ltr'>apertura</span> <span class='ocrx_word' id='word_1_199' title='bbox 515 2156 612 2210; x_wconf 88' lang='lat' dir='ltr'>circini</span> <span class='ocrx_word' id='word_1_200' title='bbox 631 2158 724 2212; x_wconf 87' lang='lat' dir='ltr'>soluta</span> <span class='ocrx_word' id='word_1_201' title='bbox 743 2157 908 2227; x_wconf 87' lang='lat' dir='ltr'>confecisse,</span> <span class='ocrx_word' id='word_1_202' title='bbox 935 2176 1106 2227; x_wconf 90' lang='lat' dir='ltr'>quamquam</span> 
     </span>
     <span class='ocr_line' id='line_1_26' title="bbox 96 2235 1106 2305; baseline -0.002 -13"><span class='ocrx_word' id='word_1_203' title='bbox 96 2239 145 2293; x_wconf 90' lang='lat' dir='ltr'>ille</span> <span class='ocrx_word' id='word_1_204' title='bbox 166 2239 243 2292; x_wconf 90' lang='lat' dir='ltr'>locus</span> <span class='ocrx_word' id='word_1_205' title='bbox 264 2235 443 2292; x_wconf 85' lang='lat' dir='ltr'>Collectionis</span> <span class='ocrx_word' id='word_1_206' title='bbox 462 2237 556 2305; x_wconf 81' lang='lat' dir='ltr'>Psmu,</span> <span class='ocrx_word' id='word_1_207' title='bbox 580 2254 635 2305; x_wconf 91' lang='lat' dir='ltr'>quc</span> <span class='ocrx_word' id='word_1_208' title='bbox 654 2237 807 2292; x_wconf 79' lang='lat' dir='ltr'>Msumrrus</span> <span class='ocrx_word' id='word_1_209' title='bbox 826 2237 934 2292; x_wconf 70' lang='lat' dir='ltr'>Carnos</span> <span class='ocrx_word' id='word_1_210' title='bbox 956 2238 1106 2292; x_wconf 87' lang='lat' dir='ltr'>inhaere</span> 
     </span>
     <span class='ocr_line' id='line_1_27' title="bbox 96 2315 1105 2387; baseline 0 -17"><span class='ocrx_word' id='word_1_211' title='bbox 96 2335 162 2371; x_wconf 89' lang='lat' dir='ltr'>usus</span> <span class='ocrx_word' id='word_1_212' title='bbox 177 2319 228 2385; x_wconf 90' lang='lat' dir='ltr'>est,</span> <span class='ocrx_word' id='word_1_213' title='bbox 243 2319 276 2369; x_wconf 91' lang='lat' dir='ltr'>ut</span> <span class='ocrx_word' id='word_1_214' title='bbox 289 2318 365 2370; x_wconf 91' lang='lat' dir='ltr'>recte</span> <span class='ocrx_word' id='word_1_215' title='bbox 381 2315 527 2370; x_wconf 90' lang='lat' dir='ltr'>admonuit</span> <span class='ocrx_word' id='word_1_216' title='bbox 540 2316 642 2387; x_wconf 80' lang='lat' dir='ltr'>Kurus,</span> <span class='ocrx_word' id='word_1_217' title='bbox 657 2317 694 2371; x_wconf 91' lang='lat' dir='ltr'>ad</span> <span class='ocrx_word' id='word_1_218' title='bbox 707 2317 869 2373; x_wconf 89' lang='lat' dir='ltr'>huiusmodi</span> <span class='ocrx_word' id='word_1_219' title='bbox 884 2318 1105 2372; x_wconf 86' lang='lat' dir='ltr'>constructiones</span> 
     </span>
     <span class='ocr_line' id='line_1_28' title="bbox 75 2395 303 2466; baseline -0.009 -14"><span class='ocrx_word' id='word_1_220' title='bbox 75 2436 80 2459; x_wconf 82' lang='lat'>.</span> <span class='ocrx_word' id='word_1_221' title='bbox 98 2414 155 2452; x_wconf 92' lang='lat' dir='ltr'>non</span> <span class='ocrx_word' id='word_1_222' title='bbox 172 2395 303 2466; x_wconf 86' lang='lat' dir='ltr'>pertinet.</span> 
     </span>
    </p>
   </div>
   <div class='ocr_carea' id='block_1_4' title="bbox 94 2484 1105 3272">
    <p class='ocr_par' dir='ltr' id='par_1_5' title="bbox 94 2484 1105 3272">
     <span class='ocr_line' id='line_1_29' title="bbox 167 2484 1105 2556; baseline -0.001 -17"><span class='ocrx_word' id='word_1_223' title='bbox 167 2485 236 2539; x_wconf 82' lang='lat' dir='ltr'>Cum</span> <span class='ocrx_word' id='word_1_224' title='bbox 253 2484 284 2537; x_wconf 92' lang='lat' dir='ltr'>in</span> <span class='ocrx_word' id='word_1_225' title='bbox 302 2484 402 2539; x_wconf 85' lang='lat' dir='ltr'>itinere</span> <span class='ocrx_word' id='word_1_226' title='bbox 419 2484 469 2538; x_wconf 87' lang='lat' dir='ltr'>illo</span> <span class='ocrx_word' id='word_1_227' title='bbox 483 2484 628 2540; x_wconf 91' lang='lat' dir='ltr'>Monachii</span> <span class='ocrx_word' id='word_1_228' title='bbox 643 2502 774 2556; x_wconf 90' lang='lat' dir='ltr'>essemus,</span> <span class='ocrx_word' id='word_1_229' title='bbox 792 2487 874 2542; x_wconf 92' lang='lat' dir='ltr'>nobis</span> <span class='ocrx_word' id='word_1_230' title='bbox 889 2486 1105 2542; x_wconf 88' lang='lat' dir='ltr'>communicavit</span> 
     </span>
     <span class='ocr_line' id='line_1_30' title="bbox 95 2563 1104 2635; baseline -0.002 -16"><span class='ocrx_word' id='word_1_231' title='bbox 95 2565 137 2619; x_wconf 88' lang='lat' dir='ltr'>vir</span> <span class='ocrx_word' id='word_1_232' title='bbox 160 2563 356 2619; x_wconf 91' lang='lat' dir='ltr'>celeberrimus</span> <span class='ocrx_word' id='word_1_233' title='bbox 375 2564 422 2618; x_wconf 81' lang='lat' dir='ltr'>Fa.</span> <span class='ocrx_word' id='word_1_234' title='bbox 441 2565 517 2618; x_wconf 78' lang='lat' dir='ltr'>Bona</span> <span class='ocrx_word' id='word_1_235' title='bbox 537 2565 696 2635; x_wconf 85' lang='lat' dir='ltr'>fragmenta</span> <span class='ocrx_word' id='word_1_236' title='bbox 715 2567 855 2635; x_wconf 86' lang='lat' dir='ltr'>quaedam</span> <span class='ocrx_word' id='word_1_237' title='bbox 873 2566 979 2621; x_wconf 90' lang='lat' dir='ltr'>saeculi</span> <span class='ocrx_word' id='word_1_238' title='bbox 997 2566 1035 2633; x_wconf 90' lang='lat' dir='ltr'>X,</span> <span class='ocrx_word' id='word_1_239' title='bbox 1059 2582 1104 2617; x_wconf 91' lang='lat' dir='ltr'>co-</span> 
     </span>
     <span class='ocr_line' id='line_1_31' title="bbox 96 2643 1105 2716; baseline -0.004 -15"><span class='ocrx_word' id='word_1_240' title='bbox 96 2645 227 2716; x_wconf 90' lang='lat' dir='ltr'>operculo</span> <span class='ocrx_word' id='word_1_241' title='bbox 252 2643 356 2708; x_wconf 86' lang='lat' dir='ltr'>codicis</span> <span class='ocrx_word' id='word_1_242' title='bbox 379 2644 572 2699; x_wconf 89' lang='lat' dir='ltr'>Bibliothecae</span> <span class='ocrx_word' id='word_1_243' title='bbox 590 2645 787 2701; x_wconf 89' lang='lat' dir='ltr'>Universitatis</span> <span class='ocrx_word' id='word_1_244' title='bbox 805 2646 910 2716; x_wconf 80' lang='lat' dir='ltr'>Regiae</span> <span class='ocrx_word' id='word_1_245' title='bbox 929 2644 1105 2699; x_wconf 88' lang='lat' dir='ltr'>Monacensis</span> 
     </span>
     <span class='ocr_line' id='line_1_32' title="bbox 95 2724 1104 2796; baseline -0.004 -17"><span class='ocrx_word' id='word_1_246' title='bbox 95 2726 249 2796; x_wconf 83' lang='lat' dir='ltr'>depromta,</span> <span class='ocrx_word' id='word_1_247' title='bbox 268 2740 341 2792; x_wconf 88' lang='lat' dir='ltr'>quae</span> <span class='ocrx_word' id='word_1_248' title='bbox 358 2724 455 2779; x_wconf 85' lang='lat' dir='ltr'>statim</span> <span class='ocrx_word' id='word_1_249' title='bbox 474 2726 510 2779; x_wconf 90' lang='lat' dir='ltr'>ad</span> <span class='ocrx_word' id='word_1_250' title='bbox 524 2726 666 2780; x_wconf 80' lang='lat' dir='ltr'>Eucnmsu</span> <span class='ocrx_word' id='word_1_251' title='bbox 683 2725 823 2795; x_wconf 86' lang='lat' dir='ltr'>pertinere</span> <span class='ocrx_word' id='word_1_252' title='bbox 837 2724 1035 2792; x_wconf 85' lang='lat' dir='ltr'>intelleximus,</span> <span class='ocrx_word' id='word_1_253' title='bbox 1055 2724 1104 2776; x_wconf 91' lang='lat' dir='ltr'>sed</span> 
     </span>
     <span class='ocr_line' id='line_1_33' title="bbox 94 2801 1103 2874; baseline -0.004 -14"><span class='ocrx_word' id='word_1_254' title='bbox 94 2804 276 2872; x_wconf 90' lang='lat' dir='ltr'>nescivimus,</span> <span class='ocrx_word' id='word_1_255' title='bbox 304 2804 377 2858; x_wconf 91' lang='lat' dir='ltr'>sitne</span> <span class='ocrx_word' id='word_1_256' title='bbox 396 2803 611 2858; x_wconf 87' lang='lat' dir='ltr'>commentarius</span> <span class='ocrx_word' id='word_1_257' title='bbox 635 2822 672 2859; x_wconf 89' lang='lat' dir='ltr'>an</span> <span class='ocrx_word' id='word_1_258' title='bbox 695 2804 764 2874; x_wconf 90' lang='lat' dir='ltr'>quid</span> <span class='ocrx_word' id='word_1_259' title='bbox 787 2805 872 2859; x_wconf 87' lang='lat' dir='ltr'>aliud.</span> <span class='ocrx_word' id='word_1_260' title='bbox 918 2801 1103 2858; x_wconf 86' lang='lat' dir='ltr'>Liberalitate</span> 
     </span>
     <span class='ocr_line' id='line_1_34' title="bbox 94 2882 1104 2955; baseline -0.004 -15"><span class='ocrx_word' id='word_1_261' title='bbox 94 2885 288 2940; x_wconf 84' lang='lat' dir='ltr'>Bibliothecae</span> <span class='ocrx_word' id='word_1_262' title='bbox 297 2884 473 2938; x_wconf 88' lang='lat' dir='ltr'>Monacensis</span> <span class='ocrx_word' id='word_1_263' title='bbox 482 2885 590 2938; x_wconf 88' lang='lat' dir='ltr'>factum</span> <span class='ocrx_word' id='word_1_264' title='bbox 599 2887 650 2953; x_wconf 83' lang='lat' dir='ltr'>est,</span> <span class='ocrx_word' id='word_1_265' title='bbox 664 2886 697 2938; x_wconf 89' lang='lat' dir='ltr'>ut</span> <span class='ocrx_word' id='word_1_266' title='bbox 706 2883 872 2955; x_wconf 84' lang='lat' dir='ltr'>fragmentis</span> <span class='ocrx_word' id='word_1_267' title='bbox 885 2883 944 2937; x_wconf 90' lang='lat' dir='ltr'>illis</span> <span class='ocrx_word' id='word_1_268' title='bbox 958 2883 988 2936; x_wconf 92' lang='lat' dir='ltr'>in</span> <span class='ocrx_word' id='word_1_269' title='bbox 997 2882 1104 2936; x_wconf 89' lang='lat' dir='ltr'>Biblio-</span> 
     </span>
     <span class='ocr_line' id='line_1_35' title="bbox 94 2963 1105 3034; baseline -0.004 -14"><span class='ocrx_word' id='word_1_270' title='bbox 94 2966 178 3020; x_wconf 87' lang='lat' dir='ltr'>theca</span> <span class='ocrx_word' id='word_1_271' title='bbox 193 2963 339 3033; x_wconf 80' lang='lat' dir='ltr'>Gymnasii</span> <span class='ocrx_word' id='word_1_272' title='bbox 353 2963 435 3032; x_wconf 84' lang='lat' dir='ltr'>Regii</span> <span class='ocrx_word' id='word_1_273' title='bbox 449 2963 635 3018; x_wconf 87' lang='lat' dir='ltr'>Thoruniensi</span> <span class='ocrx_word' id='word_1_274' title='bbox 651 2964 695 3018; x_wconf 92' lang='lat' dir='ltr'>uti</span> <span class='ocrx_word' id='word_1_275' title='bbox 708 2964 889 3034; x_wconf 90' lang='lat' dir='ltr'>potuerimus,</span> <span class='ocrx_word' id='word_1_276' title='bbox 905 2965 934 3017; x_wconf 94' lang='lat' dir='ltr'>et</span> <span class='ocrx_word' id='word_1_277' title='bbox 946 2963 988 3016; x_wconf 91' lang='lat' dir='ltr'>ibi</span> <span class='ocrx_word' id='word_1_278' title='bbox 1002 2980 1105 3032; x_wconf 87' lang='lat' dir='ltr'>cogno-</span> 
     </span>
     <span class='ocr_line' id='line_1_36' title="bbox 95 3042 1104 3098; baseline -0.003 0"><span class='ocrx_word' id='word_1_279' title='bbox 95 3045 183 3098; x_wconf 90' lang='lat' dir='ltr'>vimus</span> <span class='ocrx_word' id='word_1_280' title='bbox 203 3043 358 3097; x_wconf 90' lang='lat' dir='ltr'>versionem</span> <span class='ocrx_word' id='word_1_281' title='bbox 380 3059 441 3097; x_wconf 90' lang='lat' dir='ltr'>esse</span> <span class='ocrx_word' id='word_1_282' title='bbox 459 3043 587 3097; x_wconf 80' lang='lat' dir='ltr'>Evcnmrs</span> <span class='ocrx_word' id='word_1_283' title='bbox 607 3060 622 3098; x_wconf 92' lang='lat' dir='ltr'>e</span> <span class='ocrx_word' id='word_1_284' title='bbox 641 3043 747 3098; x_wconf 79' lang='lat' dir='ltr'>Graeco</span> <span class='ocrx_word' id='word_1_285' title='bbox 766 3046 846 3098; x_wconf 87' lang='lat' dir='ltr'>textu</span> <span class='ocrx_word' id='word_1_286' title='bbox 866 3042 972 3096; x_wconf 88' lang='lat' dir='ltr'>factam</span> <span class='ocrx_word' id='word_1_287' title='bbox 990 3043 1104 3097; x_wconf 89' lang='lat' dir='ltr'>verbum</span> 
     </span>
     <span class='ocr_line' id='line_1_37' title="bbox 94 3122 1103 3194; baseline -0.005 -16"><span class='ocrx_word' id='word_1_288' title='bbox 94 3141 145 3194; x_wconf 87' lang='lat' dir='ltr'>pro</span> <span class='ocrx_word' id='word_1_289' title='bbox 162 3124 246 3177; x_wconf 90' lang='lat' dir='ltr'>verbo</span> <span class='ocrx_word' id='word_1_290' title='bbox 265 3122 416 3177; x_wconf 91' lang='lat' dir='ltr'>reddendo.</span> <span class='ocrx_word' id='word_1_291' title='bbox 444 3123 549 3177; x_wconf 87' lang='lat' dir='ltr'>Auctor</span> <span class='ocrx_word' id='word_1_292' title='bbox 569 3125 663 3177; x_wconf 90' lang='lat' dir='ltr'>autem</span> <span class='ocrx_word' id='word_1_293' title='bbox 681 3122 814 3177; x_wconf 88' lang='lat' dir='ltr'>versionis</span> <span class='ocrx_word' id='word_1_294' title='bbox 828 3122 932 3176; x_wconf 88' lang='lat' dir='ltr'>litteris</span> <span class='ocrx_word' id='word_1_295' title='bbox 948 3122 985 3175; x_wconf 90' lang='lat' dir='ltr'>ad</span> <span class='ocrx_word' id='word_1_296' title='bbox 999 3122 1103 3191; x_wconf 88' lang='lat' dir='ltr'>figuras</span> 
     </span>
     <span class='ocr_line' id='line_1_38' title="bbox 96 3200 1103 3272; baseline -0.005 -14"><span class='ocrx_word' id='word_1_297' title='bbox 96 3205 132 3258; x_wconf 90' lang='lat' dir='ltr'>ab</span> <span class='ocrx_word' id='word_1_298' title='bbox 150 3203 272 3258; x_wconf 80' lang='lat' dir='ltr'>Eucnmn</span> <span class='ocrx_word' id='word_1_299' title='bbox 290 3202 390 3272; x_wconf 91' lang='lat' dir='ltr'>positis</span> <span class='ocrx_word' id='word_1_300' title='bbox 409 3219 459 3272; x_wconf 84' lang='lat' dir='ltr'>pro</span> <span class='ocrx_word' id='word_1_301' title='bbox 477 3218 656 3257; x_wconf 89' lang='lat' dir='ltr'>numerorum</span> <span class='ocrx_word' id='word_1_302' title='bbox 676 3201 751 3256; x_wconf 88' lang='lat' dir='ltr'>notis</span> <span class='ocrx_word' id='word_1_303' title='bbox 768 3200 875 3256; x_wconf 89' lang='lat' dir='ltr'>habitis</span> <span class='ocrx_word' id='word_1_304' title='bbox 899 3217 1008 3270; x_wconf 89' lang='lat' dir='ltr'>semper</span> <span class='ocrx_word' id='word_1_305' title='bbox 1027 3203 1055 3254; x_wconf 91' lang='lat' dir='ltr'>et</span> <span class='ocrx_word' id='word_1_306' title='bbox 1073 3200 1103 3253; x_wconf 92' lang='lat' dir='ltr'>in</span> 
     </span>
    </p>
   </div>
   <div class='ocr_carea' id='block_1_5' title="bbox 93 3280 1102 3581">
    <p class='ocr_par' dir='ltr' id='par_1_6' title="bbox 93 3280 1102 3581">
     <span class='ocr_line' id='line_1_39' title="bbox 94 3280 1102 3358; baseline -0.005 -21"><span class='ocrx_word' id='word_1_307' title='bbox 94 3284 192 3354; x_wconf 89' lang='lat' dir='ltr'>figuris</span> <span class='ocrx_word' id='word_1_308' title='bbox 212 3286 241 3338; x_wconf 88' lang='lat' dir='ltr'>et</span> <span class='ocrx_word' id='word_1_309' title='bbox 259 3283 289 3336; x_wconf 93' lang='lat' dir='ltr'>in</span> <span class='ocrx_word' id='word_1_310' title='bbox 308 3284 441 3336; x_wconf 87' lang='lat' dir='ltr'>contextu</span> <span class='ocrx_word' id='word_1_311' title='bbox 459 3282 570 3338; x_wconf 88' lang='lat' dir='ltr'>litteras</span> <span class='ocrx_word' id='word_1_312' title='bbox 588 3299 639 3358; x_wconf 82' lang='lat' dir='ltr'>per</span> <span class='ocrx_word' id='word_1_313' title='bbox 656 3298 785 3336; x_wconf 90' lang='lat' dir='ltr'>numeros</span> <span class='ocrx_word' id='word_1_314' title='bbox 802 3280 960 3350; x_wconf 90' lang='lat' dir='ltr'>transtulit,</span> <span class='ocrx_word' id='word_1_315' title='bbox 982 3280 1102 3349; x_wconf 87' lang='lat' dir='ltr'>exempli</span> 
     </span>
     <span class='ocr_line' id='line_1_40' title="bbox 94 3361 1102 3435; baseline -0.006 -17"><span class='ocrx_word' id='word_1_316' title='bbox 94 3363 189 3435; x_wconf 88' lang='lat' dir='ltr'>gratia</span> <span class='ocrx_word' id='word_1_317' title='bbox 207 3368 232 3418; x_wconf 89' lang='grc' dir='ltr'><em>Τ</em></span> <span class='ocrx_word' id='word_1_318' title='bbox 246 3379 296 3433; x_wconf 90' lang='lat' dir='ltr'>per</span> <span class='ocrx_word' id='word_1_319' title='bbox 312 3362 479 3434; x_wconf 87' lang='lat' dir='ltr'>tringentos,</span> <span class='ocrx_word' id='word_1_320' title='bbox 498 3365 513 3429; x_wconf 80' lang='grc' dir='ltr'><em>ζ</em></span> <span class='ocrx_word' id='word_1_321' title='bbox 528 3380 578 3433; x_wconf 91' lang='lat' dir='ltr'>per</span> <span class='ocrx_word' id='word_1_322' title='bbox 592 3365 699 3433; x_wconf 88' lang='lat' dir='ltr'>septem</span> <span class='ocrx_word' id='word_1_323' title='bbox 712 3361 899 3432; x_wconf 89' lang='lat' dir='ltr'>exprimendo.</span> <span class='ocrx_word' id='word_1_324' title='bbox 932 3361 1102 3430; x_wconf 73' lang='lat' dir='ltr'>Fragmenta</span> 
     </span>
     <span class='ocr_line' id='line_1_41' title="bbox 93 3439 1102 3514; baseline -0.006 -15"><span class='ocrx_word' id='word_1_325' title='bbox 93 3444 146 3499; x_wconf 87' lang='lat' dir='ltr'>illa</span> <span class='ocrx_word' id='word_1_326' title='bbox 163 3444 207 3499; x_wconf 92' lang='lat' dir='ltr'>his</span> <span class='ocrx_word' id='word_1_327' title='bbox 225 3444 431 3514; x_wconf 81' lang='lat' dir='ltr'>prolegomenis</span> <span class='ocrx_word' id='word_1_328' title='bbox 450 3445 571 3499; x_wconf 88' lang='lat' dir='ltr'>inserere</span> <span class='ocrx_word' id='word_1_329' title='bbox 588 3442 691 3512; x_wconf 85' lang='lat' dir='ltr'>placet,</span> <span class='ocrx_word' id='word_1_330' title='bbox 710 3445 819 3497; x_wconf 89' lang='lat' dir='ltr'>textum</span> <span class='ocrx_word' id='word_1_331' title='bbox 837 3457 947 3511; x_wconf 89' lang='lat' dir='ltr'>quoque</span> <span class='ocrx_word' id='word_1_332' title='bbox 965 3439 1102 3495; x_wconf 84' lang='lat' dir='ltr'>Graecum</span> 
     </span>
     <span class='ocr_line' id='line_1_42' title="bbox 94 3520 1102 3581; baseline -0.005 -3"><span class='ocrx_word' id='word_1_333' title='bbox 94 3542 151 3581; x_wconf 89' lang='lat' dir='ltr'>non</span> <span class='ocrx_word' id='word_1_334' title='bbox 178 3526 325 3579; x_wconf 82' lang='lat' dir='ltr'>Hsmnucn</span> <span class='ocrx_word' id='word_1_335' title='bbox 357 3525 406 3579; x_wconf 89' lang='lat' dir='ltr'>sed</span> <span class='ocrx_word' id='word_1_336' title='bbox 433 3522 607 3580; x_wconf 83' lang='lat' dir='ltr'>Theoninum</span> <span class='ocrx_word' id='word_1_337' title='bbox 639 3520 772 3576; x_wconf 90' lang='lat' dir='ltr'>editionis</span> <span class='ocrx_word' id='word_1_338' title='bbox 802 3523 838 3577; x_wconf 86' lang='lat' dir='ltr'>ab</span> <span class='ocrx_word' id='word_1_339' title='bbox 866 3522 978 3577; x_wconf 84' lang='lat' dir='ltr'>Aucusr</span> <span class='ocrx_word' id='word_1_340' title='bbox 1009 3520 1102 3574; x_wconf 85' lang='lat' dir='ltr'>factae</span> 
     </span>
    </p>
   </div>
   <div class='ocr_carea' id='block_1_6' title="bbox 0 0 1208 3848">
    <p class='ocr_par' dir='ltr' id='par_1_7' title="bbox 0 0 1208 3848">
     <span class='ocr_line' id='line_1_43' title="bbox 0 0 1208 3848; baseline 0 1"><span class='ocrx_word' id='word_1_341' title='bbox 0 0 1208 3848; x_wconf 95' lang='lat' dir='ltr'> </span> 
     </span>
    </p>
   </div>
  </div>
 </body>
</html>
