2408 3848
133 108 298 164 ANARITII
316 108 572 164 COMMENTARII
590 110 639 163 AD
658 109 844 164 EUOLIDEM
862 111 929 164 LIB.
944 111 977 165 V.
1016 112 1079 175 157

49 269 161 338 aliam
192 279 342 338 metiatur.
389 277 473 347 Quod
505 279 529 336 si
562 298 621 336 una
654 297 755 337 earum
785 280 877 338 fuerit
906 298 1080 339 mensurans

52 357 204 443 lalteram,
222 368 279 427 erit
299 367 441 425 habitudo
460 367 583 425 minoris
602 368 640 426 ad
658 368 801 426 maiorem
819 368 962 428 habitudo
976 369 1081 444 partie,

56 447 96 505 et
117 457 174 516 erit
192 456 335 515 habitudo
354 456 474 516 maioris
494 456 532 514 ad
545 457 690 515 minorem
703 457 846 516 habitudo
861 458 1080 532 multiplicium.

60 525 155 604 Quod
177 545 203 605 si
227 545 413 622 superfluerit
435 565 470 603 ex
492 545 603 605 maiore
626 565 695 621 pars
718 565 779 604 una
796 546 894 606 minor
912 548 1082 622 quantitate

61 627 195 710 ttlinere,
226 633 407 710 impossibile
435 637 491 710 est,
524 634 602 709 quod
633 636 696 693 ulla
723 654 806 712 pars,
834 655 891 711 que
919 635 1082 711 superfluit,
1108 646 1122 688 5

62 715 212 782 1Iletiatur
230 723 429 798 quantitatem
446 723 598 799 minorem,
617 724 709 784 donec
726 724 813 782 finiat
827 744 892 783 eam
905 728 1010 800 totam,
1029 728 1082 783 aut

65 787 162 872 donec
188 813 317 887 supersit
344 832 379 870 ex
401 812 513 871 minore
536 831 606 887 pars
628 813 726 872 minor
748 813 951 889 superfluitate
971 815 1081 889 prima:

61 895 141 975 ⁸18⁰
168 919 296 976 semper,
328 896 409 978 (si),
436 921 493 977 que
520 902 648 976 primum
676 902 843 977 superfluit,
866 903 1081 962 mensuraverit

62 986 271 1054 quantitatem
297 989 441 1048 minorem
464 993 494 1048 et
515 989 582 1048 finit
605 1009 679 1065 eam,
701 991 768 1066 ipsa
792 992 850 1048 erit
871 993 962 1050 tertia
988 1012 1080 1068 quan·

58 1055 155 1154 titas,
185 1099 242 1155 que
269 1078 518 1138 communicantes
546 1079 729 1154 quantitates
758 1080 831 1138 duas
858 1082 989 1139 metitur.
1039 1083 1080 1140 Et
1095 1094 1121 1132 1⁰

57 1158 100 1250 §i
120 1167 306 1244 superfluerit
328 1186 484 1243 unapars,
503 1187 560 1243 que
579 1168 618 1226 sit
637 1168 840 1243 superfluitate
859 1170 957 1244 prima
975 1171 1081 1246 minor,

53 1250 253 1332 lmpossibile
281 1258 326 1315 est
353 1257 456 1332 etiam,
484 1257 556 1332 quin
582 1257 649 1332 ipsa
676 1257 819 1315 metiatur
845 1259 1081 1332 superfluitatem

50 1342 210 1420 Drimam,
238 1346 330 1404 donec
352 1345 436 1403 finiet
460 1363 534 1419 eam,
557 1349 610 1404 aut
632 1345 795 1420 superfluat
818 1365 853 1403 ex
876 1348 1081 1421 superfluitate

46 1433 166 1501 Drima
196 1452 267 1510 pars
299 1433 396 1492 minor
427 1434 630 1509 superfluitate
662 1434 798 1492 secunda.
849 1433 934 1503 Quod
963 1436 988 1493 si
1014 1436 1081 1511 ipsa

45 1525 243 1584 mensurans
269 1523 360 1582 fuerit
387 1523 515 1599 primam
542 1523 792 1598 superfluitatem,
819 1523 885 1598 ipsa
908 1524 965 1582 erit
987 1525 1081 1582 tercia
1096 1536 1121 1576 15

43 1613 237 1692 quantitas,
268 1632 326 1689 que
358 1613 482 1671 metitur
509 1613 582 1670 duas
611 1613 794 1688 quantitates
823 1613 1081 1672 communicantes.

41 1688 102 1764 Et
137 1702 165 1762 si
193 1701 372 1777 superfuerit
398 1719 468 1777 pars
495 1702 592 1759 minor
620 1701 824 1776 superfluitate
852 1701 993 1776 secunda,
1025 1702 1080 1760 im-

38 1790 211 1864 possibile
233 1793 287 1865 est,
311 1791 382 1865 quin
404 1790 458 1848 hec
475 1790 618 1849 habitudo
637 1792 677 1849 sit
694 1810 755 1849 una
774 1791 900 1849 duorum
917 1791 1081 1865 modorum,

39 1881 185 1944 seilicet
206 1881 241 1936 ut
262 1878 350 1936 huius
374 1879 592 1954 superfluitates
616 1879 792 1955 perveniant
815 1880 853 1938 ad
871 1899 962 1938 unam
980 1899 1081 1956 super-

36 1965 226 2042 fluitatem,
248 1987 305 2043 que
328 1970 478 2027 mensuret
496 1988 570 2043 eam,
594 1988 650 2044 que
670 1971 715 2027 est
733 1970 802 2026 ante
820 1970 926 2045 ipsam,
949 1972 980 2028 et
997 1969 1083 2028 finiat
1097 1982 1123 2022 so

35 2051 175 2138 ipsam,
199 2075 256 2131 que
279 2057 336 2114 erit
358 2057 510 2132 quantitas
528 2057 630 2133 tercia,
652 2077 709 2133 que
731 2057 854 2116 metitur
872 2059 945 2116 duas
964 2059 1082 2134 quanti-

35 2144 161 2222 tatem
200 2148 230 2204 et
266 2145 322 2203 erit
357 2145 501 2206 habitudo
538 2146 660 2206 minoris
693 2147 732 2205 ad
762 2146 906 2207 maiorem
937 2147 1082 2207 habitudo

38 2235 213 2311 partium,
246 2235 277 2292 et
307 2234 360 2293 illa
392 2235 582 2310 superfluitas
613 2235 669 2293 erit
696 2254 765 2310 pars
792 2236 926 2310 partium
952 2236 1082 2295 maioris.

38 2325 133 2388 Aac
156 2341 217 2382 non
239 2323 395 2398 perveniat
417 2323 456 2381 ad
478 2323 611 2399 aliquam
631 2324 877 2399 superfluitatem,
902 2344 960 2399 que
978 2325 1082 2383 metia-

40 2413 115 2478 tur
144 2430 219 2487 eam,
243 2431 301 2487 que
324 2414 370 2470 est
392 2415 461 2471 ante
483 2413 588 2488 ipsam,
610 2414 672 2471 ullo
694 2413 791 2487 modo,
815 2415 845 2471 et
863 2412 920 2470 erit
937 2413 1082 2472 habitudo
1097 2426 1122 2466 aa

41 2496 118 2566 heo
149 2499 308 2576 habitudo,
337 2520 394 2576 que
418 2505 463 2559 est
485 2502 563 2559 inter
585 2502 659 2561 duas
683 2501 867 2576 quantitates
890 2501 1082 2562 incommuni-

44 2594 181 2654 cantes.

133 2677 223 2738 Diria
245 2678 417 2737 Eccumns:
440 2679 701 2752 Propertiooalitas
724 2683 765 2738 cst
786 2680 944 2738 similitudo
958 2697 1083 2753 propor-

55 2771 190 2832 tionum.
220 2799 261 2808 -
288 2767 331 2826 Et
360 2770 455 2826 minor
476 2770 736 2842 proportionalitas
763 2786 817 2841 quc
845 2772 898 2836 cst,
930 2770 963 2827 ia
990 2771 1083 2828 tribus

61 2859 166 2920 misac
188 2858 404 2930 qcacfltatibue.
1097 2871 1124 2911 ³0

137 2943 309 3005 Similitudo
333 2945 390 3004 erit
407 2946 439 3003 in
456 2946 657 3022 proportione,
681 2965 748 3005 cum
767 2946 951 3022 quantitates
969 2946 1084 3005 fuerint

68 3038 171 3110 plures
199 3035 325 3110 duabus,
353 3036 384 3092 et
410 3035 500 3093 fuerit
525 3030 722 3112 (proportio)
744 3036 839 3112 prime
863 3035 901 3093 ad
925 3035 1083 3093 secundam

70 3126 149 3185 sicut
180 3124 334 3199 proportio
367 3123 491 3182 alterius
523 3124 703 3199 quantitatis
731 3125 770 3182 ad
798 3124 901 3200 aliam,
934 3124 1011 3183 sicut
1039 3127 1084 3182 est

70 3211 226 3290 proportio
253 3211 378 3270 secunde
406 3213 444 3271 ad
470 3212 606 3289 terciam,
635 3216 665 3272 et
690 3213 782 3272 tercie
810 3213 849 3271 ad
875 3216 1025 3289 quartam,
1054 3215 1084 3270 et

71 3303 109 3362 sic
144 3301 177 3359 in
210 3301 276 3359 aliis
304 3301 535 3377 quantitatibus,
568 3321 625 3378 que
652 3302 791 3362 continue
819 3305 991 3378 sequuntur.
1043 3301 1084 3359 Et
1098 3313 1124 3353 ³⁵

73 3422 289 3434 ...ρ-

144 3493 187 3543 10.
206 3488 480 3544 communicationes.
500 3521 533 3530 -
554 3494 596 3544 15.
614 3489 811 3545 mensurando.
830 3521 865 3530 —
884 3455 1099 3558 superfluitate.
