2408 3848
383 175 433 227 AD
451 174 640 230 EUCLIDEM
658 173 724 226 LIB.
736 173 771 228 X.
1014 175 1079 238 235

58 345 113 417 dc,
141 361 232 418 quam
255 344 418 402 secundum
445 343 654 402 rectitudinem
676 342 850 419 protraham
873 338 967 419 usque
991 343 1029 401 ad
1052 345 1078 418 lc,

58 435 92 490 et
119 451 243 506 ponam,
266 436 300 490 ut
318 434 351 490 tle
368 433 407 491 sit
427 432 540 507 equalis
560 434 611 491 da:
635 432 700 490 dico
720 451 799 509 ergo,
818 432 898 508 quod
916 435 981 491 tota
999 433 1079 490 linea

59 522 102 579 blo
132 523 177 579 est
199 521 365 579 binomium
388 521 525 596 primum.
573 520 657 590 Quod
679 521 745 579 ideo
770 524 823 596 est,
847 521 988 597 quoniam
1011 542 1078 598 pro-

59 609 160 686 portio
189 609 329 684 quadrati
355 610 429 668 facti
458 630 494 668 ex
521 611 561 668 de
589 611 627 668 ad
655 610 837 686 quadratum
865 628 900 670 ez
928 613 973 668 est
1001 611 1078 669 siout

61 698 216 774 proportio
240 699 355 756 numeri
379 701 420 758 ob
443 699 482 757 ad
505 719 661 757 numerum
684 701 731 772 bp.
769 699 923 768 Quadrata
947 719 1015 777 ergo
1038 702 1078 758 de
1104 711 1117 751 5

58 791 93 846 et
117 805 151 846 ca
170 791 239 846 sunt
258 788 509 847 communicantia
527 788 559 845 in
578 787 775 864 longitudine,
797 791 827 846 et
845 792 979 847 remanet
998 808 1077 865 ergo,

57 879 96 934 ut
119 876 272 951 proportio
297 876 436 951 quadrati
459 879 498 936 dc
522 876 561 934 ad
583 877 763 952 quadratum
786 878 826 936 du
849 878 889 936 sit
912 878 990 937 sicut
1010 898 1076 952 pro·

61 965 160 1040 portio
184 965 300 1023 numeri
324 967 366 1024 ub
389 965 426 1024 ad
444 985 601 1023 numerum
620 984 670 1038 cy.
712 965 770 1022 Sed
788 966 943 1041 proportio
961 967 1077 1024 numeri

61 1055 104 1112 ub
128 1053 166 1111 ad
188 1073 345 1112 numerum
368 1073 410 1129 oy
437 1073 497 1113 non
521 1055 566 1112 est
589 1054 665 1112 sicut
687 1053 841 1129 proportio
865 1055 980 1113 numeri
1004 1074 1075 1130 qua·

60 1142 141 1200 drati
168 1141 206 1200 ad
234 1162 391 1200 numerum
419 1143 611 1218 quadratum:
640 1161 710 1219 ergo
734 1144 855 1200 deuon
879 1144 1077 1202 communicat
1091 1157 1116 1196 1⁰

60 1232 102 1289 da
128 1230 160 1287 in
187 1231 389 1308 longitudine,
421 1251 517 1308 neque
550 1231 642 1290 etiam
674 1231 872 1290 communicat
901 1232 929 1290 ei
958 1232 1015 1290 nisi
1045 1233 1077 1290 in

64 1319 206 1394 potentia.
258 1319 316 1378 Sed
344 1323 383 1379 dc
411 1324 456 1379 est
480 1320 637 1379 rationalis
659 1320 691 1378 in
713 1319 915 1396 longitudine,
943 1340 1012 1398 ergo
1036 1323 1077 1380 dr

58 1410 108 1466 -est
135 1407 290 1467 rationalis
317 1409 350 1466 in
377 1410 512 1485 potentia
541 1411 572 1467 et
599 1409 734 1467 seiuncta
756 1411 797 1467 de
819 1409 850 1466 in
875 1409 1075 1485 longitudine:

58 1515 131 1574 ergo
152 1497 207 1555 due
225 1498 303 1556 lineo
322 1500 361 1557 dc
380 1501 411 1556 et
430 1500 471 1558 dr
488 1498 520 1556 in
538 1497 674 1574 potentia
692 1500 813 1555 tantum
831 1501 900 1556 sunt
913 1498 1074 1556 rationales

56 1588 91 1644 et
115 1587 371 1646 communicantes.
415 1587 473 1646 Sed
495 1587 575 1646 linea
597 1588 640 1645 blo
658 1589 703 1645 est
722 1586 835 1662 equalis
855 1586 969 1644 duabus
988 1586 1074 1644 lineis
1090 1599 1115 1640 15

60 1677 103 1734 de
125 1678 156 1733 et
178 1677 230 1736 dr:
254 1696 324 1754 ergo
346 1678 388 1735 blo
412 1680 457 1736 est
478 1676 656 1750 binomium,
685 1679 715 1734 et
739 1675 817 1749 dice,
846 1674 925 1750 quod
948 1678 993 1734 est
1015 1675 1075 1750 pri·

60 1785 151 1821 mum.
189 1763 274 1833 Quod
295 1765 362 1824 ideo
387 1769 440 1840 est,
464 1766 605 1842 quoniam
628 1765 755 1842 angulus
778 1767 857 1824 rest
874 1768 981 1838 rectus,
1005 1784 1074 1841 ergo

60 1855 100 1910 dc
124 1856 169 1910 est
191 1853 287 1912 maior
309 1856 356 1913 da.
395 1854 453 1912 Sed
476 1856 515 1913 de
538 1857 583 1912 est
606 1854 761 1912 rationalis
784 1853 816 1911 in
839 1853 1023 1930 longitudine
1046 1857 1076 1911 et

61 1941 154 1998 etiam
177 1943 277 2015 potest
299 1960 389 2017 supra
410 1943 590 2018 quadratum
608 1945 649 2002 du
668 1962 734 2002 cum
753 1946 913 2020 augmento
933 1941 1075 2018 quadrati

61 2029 138 2085 lineo
160 2046 209 2103 ac,
233 2032 263 2086 et
284 2029 346 2087 iam
369 2034 518 2089 ostensum
542 2035 595 2105 est,
618 2031 698 2107 quod
720 2031 800 2090 linea
818 2033 857 2090 de
875 2031 1075 2090 communicat
1089 2046 1115 2084 ao

59 2116 138 2173 linea
158 2134 193 2175 cr
210 2117 242 2173 in
260 2117 460 2192 longitudine:
480 2138 549 2196 ergo
568 2119 624 2176 due
643 2121 720 2177 linee
740 2121 779 2178 de
798 2123 828 2178 et
841 2121 882 2179 da
894 2121 926 2178 in
939 2120 1075 2197 potentia

61 2207 182 2263 tantum
205 2207 275 2263 sunt
297 2205 458 2265 rationales
482 2210 512 2265 et
535 2207 798 2282 communicantes,
822 2212 852 2266 et
874 2210 926 2284 dc,
950 2229 1006 2285 que
1030 2212 1075 2268 est

60 2293 191 2370 longior,
224 2295 424 2354 communicat
455 2295 597 2353 rationali
629 2299 659 2353 et
690 2299 789 2371 potest
821 2315 911 2372 supra
939 2299 979 2357 dr
1006 2318 1075 2356 cum

62 2385 221 2458 augmento
241 2383 387 2458 quadrati
399 2383 476 2442 linee
495 2384 739 2442 communicantis
759 2384 816 2442 sibi
829 2386 861 2442 in
874 2386 1073 2462 longitudine:
1103 2388 1104 2391 ’

60 2490 131 2547 ergo
153 2471 211 2530 due
229 2472 307 2530 linee
326 2474 366 2531 dc
384 2475 414 2530 et
432 2474 472 2532 da
491 2472 646 2531 coniuncte
665 2475 736 2530 sunt
752 2472 916 2531 binomium
934 2475 1072 2550 primum.
1087 2489 1113 2530 25

61 2559 119 2618 Sed
141 2560 205 2635 ipse
229 2563 299 2620 sunt
320 2562 440 2638 equales
458 2563 512 2619 bb:
536 2580 606 2638 ergo
624 2562 667 2619 blo
685 2564 730 2620 est
748 2561 913 2620 binomium
930 2563 1071 2638 primum;

59 2651 91 2707 et
114 2649 190 2706 illud
214 2652 271 2724 est,
295 2650 375 2726 quod
397 2650 599 2709 demonstrare
622 2650 779 2709 voluimus.

149 2737 283 2815 Figura
302 2739 345 2797 ad
360 2739 617 2799 inveniendum
630 2739 825 2798 binomium
843 2734 1071 2822 secunduml)

59 2823 267 2905 Ostendam,
309 2828 471 2904 qualiter
506 2828 704 2887 binomium
740 2829 932 2888 secundum
972 2850 1071 2906 repe-

60 2915 185 2974 riatur.
1086 2932 1113 2971 ao

151 3005 218 3063 Sint
239 3004 342 3080 itaque
366 3005 423 3064 duo
447 3005 563 3064 numeri
585 3007 626 3064 ub
648 3009 678 3064 et
697 3008 749 3080 by,
768 3026 895 3082 quorum
912 3009 1071 3084 unusquis·

60 3113 118 3167 que
142 3094 182 3151 sit
205 3093 377 3169 quadratur,
400 3089 451 3172 <et
474 3113 533 3152 non
556 3113 666 3170 ponam
685 3114 727 3169 up
749 3092 956 3175 quadratum),
980 3101 1010 3155 et
1032 3099 1073 3156 sit

134 3286 157 3333 5.
178 3281 354 3347 quadratum.

134 3478 159 3542 1)
187 3475 323 3529 Eucnrnas
346 3475 384 3543 X,
403 3483 437 3529 46
465 3475 618 3544 (Carnarius
638 3475 675 3543 X,
695 3482 740 3544 433
769 3476 936 3531 Hnrnnaoms
957 3478 993 3548 X,
1013 3481 1070 3548 49):

62 3544 223 3600 Biuomium
240 3547 387 3602 secuudum
405 3549 529 3616 reperire.
