2408 3848
291 160 294 168 '
402 162 452 216 AD
471 161 656 217 EUOLIDEM
674 163 741 218 LIB.
756 164 788 220 X.
1032 162 1097 226 343

90 350 192 390 earum
210 331 241 388 in
260 332 386 389 alteram
404 331 518 406 equalis
533 330 678 406 quadrato
694 336 799 407 quarte
813 332 952 392 sectionis
966 331 1098 391 minoris.

90 421 140 478 Fit
163 439 233 497 ergo
256 439 317 478 una
341 421 467 481 duarum
489 419 652 478 sectionum
674 421 759 480 radix
783 423 800 479 6
826 423 855 480 et
879 413 925 500 ³s4,
954 424 984 479 et
1007 422 1098 480 sectio

91 510 187 567 altera
221 503 349 587 (radix)
382 500 424 588 ³s4.
478 508 593 566 Harum
624 509 725 585 itaque
756 510 842 569 radix
872 512 977 586 potens
1009 528 1099 585 supra

91 597 275 674 superficiem
297 598 393 673 ipsam
416 599 461 657 est
482 596 644 656 himodium
665 601 802 674 primum.
849 598 933 669 Quod
956 600 982 656 si
1004 599 1098 675 longi·

90 687 164 746 tudo
197 686 364 762 superficiei
390 689 467 745 esset
493 687 643 746 residuum
670 688 843 763 secundum,
874 692 980 764 potens
1008 706 1099 763 supra
1127 697 1140 738 ὁ

90 777 188 852 ipsam
211 778 288 834 esset
311 776 491 851 superfluum
512 775 591 834 inter
613 794 670 834 eas

182 863 218 921 Si
235 884 318 923 vero
338 864 549 940 superficiei
567 865 758 942 longitudo
776 864 889 923 fuerit
907 865 1102 924 binomium

92 953 258 1028 tercium,
291 954 370 1029 quod
402 958 447 1014 est
475 953 560 1012 radix
588 955 606 1012 8
636 957 665 1012 11
692 954 777 1015 radix
805 955 836 1029 6,
868 956 941 1013 tune
970 954 1102 1012 dividam

92 1042 221 1101 radicem
245 1043 264 1100 8
287 1044 319 1100 in
342 1043 415 1102 duas
438 1044 581 1102 sectiones
599 1043 651 1118 ita,
674 1046 710 1102 ut
728 1043 767 1101 sit
785 1042 996 1118 multiplicatio
1014 1043 1101 1101 unius

93 1150 198 1189 earum
228 1131 260 1189 in
288 1132 414 1190 alteram
441 1132 554 1208 equalis
582 1131 730 1207 quadrato
758 1131 927 1190 medietatis
956 1133 984 1189 6.
1035 1131 1102 1189 Erit
1116 1143 1142 1182 10
1180 1124 1184 1151 ⁴

93 1239 164 1296 ergo
192 1239 253 1278 una
280 1219 405 1279 duarum
433 1221 596 1280 sectionum
618 1221 703 1279 radix
727 1222 745 1279 8
771 1223 801 1278 et
822 1219 925 1295 medii,
953 1220 1102 1278 etaltera

93 1310 179 1367 radix
205 1309 293 1367 unius
322 1313 351 1368 et
377 1310 559 1388 medietatis
589 1307 680 1385 [quod
708 1310 749 1368 sic
776 1306 943 1395 probaturi
987 1308 1103 1366 Harum

94 1417 222 1474 namque
249 1393 376 1476 <radix>
403 1401 448 1457 est
470 1401 576 1474 potens
600 1417 690 1475 supra
713 1397 911 1473 superficiem,
940 1399 969 1454 et
993 1400 1038 1456 est
1059 1397 1102 1454 bi·

94 1487 224 1545 medium
255 1487 423 1546 secundum.
473 1485 558 1556 Quod
589 1487 615 1544 si
646 1487 812 1562 superficiei
842 1486 998 1564 longitudo
1027 1489 1103 1544 esset

94 1577 244 1635 residuum
271 1577 408 1653 tercium,
441 1578 546 1652 potens
575 1594 665 1651 supra
692 1576 788 1651 ipsam
816 1577 893 1634 esset
920 1574 1103 1650 superfluum
1118 1585 1143 1626 15

94 1667 252 1725 intereas.

185 1753 221 1812 Si
249 1757 369 1813 autem
397 1753 611 1832 superficiei
637 1753 835 1832 longitudo
863 1753 978 1812 fuerit
1004 1752 1104 1811 bino·

96 1843 203 1901 mium
226 1847 404 1918 quartum,
428 1844 507 1920 quod
531 1846 575 1903 est
600 1845 617 1901 6
643 1845 673 1902 et
696 1843 781 1902 radix
805 1845 855 1918 12,
878 1845 951 1901 tunc
974 1841 1105 1901 dividam

97 1935 115 1990 6
140 1933 172 1988 in
195 1932 269 1990 duas
292 1935 393 2006 partes
411 1934 464 2009 ita,
486 1936 521 1991 ut
539 1933 579 1991 sit
595 1933 806 2008 multiplicatio
824 1932 911 1991 unius
929 1933 961 1989 in
980 1932 1106 1989 alteram

96 2021 211 2094 equalis
244 2020 390 2096 quadrato
420 2022 588 2080 medietatis
615 2022 723 2081 radicis
753 2023 802 2080 12.
853 2021 921 2079 Erit
948 2040 1017 2097 ergo
1046 2039 1106 2078 una
1119 2030 1146 2070 20

98 2109 223 2166 duarum
253 2110 416 2168 sectionum
445 2111 463 2168 3
489 2113 518 2168 et
532 2111 625 2188 radix
650 2112 682 2185 6,
711 2111 858 2169 etaltera
882 2111 901 2168 3
925 2108 1037 2185 absque
1060 2128 1106 2166 ra·

98 2198 162 2254 dice
186 2199 214 2258 6.
255 2197 370 2255 Harum
392 2199 494 2274 itaque
517 2199 602 2256 radix
620 2201 665 2256 est
682 2202 787 2274 potens
806 2216 896 2272 supra
914 2197 1107 2272 superficiem,

98 2289 129 2344 et
160 2287 227 2361 ipsa
259 2289 304 2345 est
335 2287 438 2346 maior.
489 2286 573 2356 Quod
605 2288 630 2345 si
657 2285 822 2361 superficiei
848 2286 1002 2362 longitudo
1030 2286 1108 2343 foret

97 2375 250 2433 residuum
279 2378 433 2451 quartum,
461 2378 538 2435 esset
565 2394 655 2451 supra
680 2376 776 2449 ipsam
798 2377 905 2450 potens
928 2373 1108 2449 superfluum

98 2465 176 2522 inter
199 2482 256 2522 eas
590 2456 593 2461 ¹
1120 2471 1146 2512 25

189 2551 225 2610 Si
261 2572 348 2612 vero
385 2554 603 2629 superficiei
638 2551 829 2630 longitudo
862 2552 976 2609 fuerit
1005 2550 1107 2611 bino-

99 2643 206 2699 mium
229 2642 409 2718 quintum,
433 2643 513 2718 quod
536 2645 581 2701 est
602 2641 688 2700 radix
713 2642 751 2700 12
778 2644 807 2699 11
831 2642 859 2716 2,
882 2643 955 2699 tunc
978 2640 1109 2699 dividam

99 2732 230 2791 radicem
254 2732 294 2788 12
318 2731 350 2788 in
373 2732 447 2789 duas
468 2735 569 2807 partes
591 2731 645 2799 ita,
668 2733 703 2789 ut
725 2731 765 2789 sit
786 2730 998 2805 multiplicatio
1021 2731 1108 2788 unius

101 2841 204 2881 earum
226 2821 258 2878 in
281 2820 407 2878 alteram
429 2839 533 2878 unum:
558 2821 613 2879 erit
637 2838 706 2897 ergo
725 2838 784 2877 una
803 2819 927 2877 duarum
946 2819 1110 2878 sectionum

47 2914 81 2962 73
99 2911 185 2969 radix
205 2905 209 2988 l
231 2911 249 2968 3
270 2911 300 2966 et
317 2909 402 2967 radix
421 2909 553 2985 duorum,
577 2913 607 2968 et
626 2910 721 2967 altera
738 2908 824 2967 radix
843 2910 861 2966 3
881 2908 991 2984 absque
1010 2908 1109 2966 radice
1123 2917 1149 2958 ³⁰

102 3001 235 3060 duorum.
276 2997 392 3056 Harum
415 3017 484 3075 ergo
507 2998 593 3056 radix
616 3000 661 3056 est
684 3000 788 3072 potens
808 3016 897 3074 supra
916 2997 1109 3073 superficiem.

101 3090 171 3165 Ipsa
193 3107 320 3164 namque
340 3090 385 3147 est
403 3089 508 3164 potens
527 3105 617 3163 supra
635 3087 782 3146 rationale
801 3089 831 3145 et
848 3086 982 3145 mediale.
1025 3084 1109 3154 Quod

102 3179 127 3237 si
163 3177 329 3254 superficiei
364 3177 520 3254 longitudo
556 3177 635 3235 foret
665 3175 814 3234 residuum
846 3176 995 3252 quintum,
1033 3177 1110 3233 esset

102 3270 207 3342 potens
230 3285 320 3344 supra
342 3267 439 3342 ipsam
462 3265 644 3341 superfluum
666 3266 744 3322 inter
767 3283 824 3323 eas.

175 3477 199 3525 3.
219 3475 260 3542 ³1³·
280 3503 313 3512 —
332 3474 433 3542 potest.
453 3503 486 3512 —
507 3477 530 3526 7.
549 3469 710 3525 bimedium.
732 3501 763 3510 -
789 3475 829 3524 12.
849 3467 967 3539 Harum]
986 3467 1058 3536 Ipsa.
1078 3497 1112 3507 -

104 3547 147 3596 27.
165 3543 244 3614 tunc]
262 3559 326 3598 11011.
