2408 3848
391 151 441 204 AD
460 149 645 204 EUCLIDEM
662 149 729 204 LIB.
743 148 776 204 X.
1016 148 1080 212 329

24 329 54 377 ῖθ
75 321 159 378 addit
182 340 270 396 supra
296 316 299 398 l
325 320 503 395 quadratum
526 319 664 393 secunde,
693 317 771 393 quod
795 318 840 375 θεῖ
864 319 918 391 13,
946 320 1082 392 quatuor,

74 411 158 467 cuius
186 410 286 484 lateri,
320 409 398 483 quod
426 411 471 466 θεῖ
500 410 532 482 2,
565 408 762 466 communicat
788 406 906 482 longior
932 406 1023 464 sectio
1050 405 1083 462 in

74 498 261 575 longitudine
294 498 453 556 secundum
486 496 676 571 quantitates.
732 495 888 572 Longioris
920 515 989 554 vero
1022 513 1082 552 sec-

73 588 164 645 tionis
189 587 311 662 quarti
334 586 514 661 quadratum
532 585 616 643 addit
634 604 723 660 supra
742 585 922 660 quadratum
939 583 1082 641 brevioris

75 675 268 751 superficiem,
292 675 375 733 cuius
400 692 469 732 area
493 677 537 732 est
562 677 612 748 10,
636 677 665 731 θῖ
687 673 772 732 radix
793 676 834 731 10
852 673 1083 731 incommunicat
1110 684 1122 722 5

74 765 168 823 radici
196 768 216 822 4
243 765 275 821 in
302 763 502 840 longitudine,
529 763 670 838 quoniam
698 765 717 820 4
745 762 777 819 in
806 764 847 820 10
870 761 946 819 fiunt
969 763 1025 835 40,
1054 765 1084 818 θῖ

73 855 138 929 ipse
167 857 212 912 est
234 853 350 911 surdus.
396 851 454 910 Sed
476 852 594 928 longior
615 851 694 909 linea
717 851 807 926 primi
830 853 860 908 et
882 850 984 926 quarti
1006 869 1083 908 com-

73 943 206 1000 municat
233 943 313 1000 omni
340 942 417 999 linae
444 941 585 999 rationali
613 941 681 998 date
708 940 740 996 in
767 939 960 1016 longitudine.
1006 938 1082 996 Lon-

74 1031 165 1109 gioris
197 1050 268 1090 vero
296 1030 434 1090 sectionis
463 1030 620 1103 secundi,
652 1049 710 1104 que
738 1031 783 1087 est
809 1029 894 1086 radix
921 1029 977 1102 45,
1010 1046 1082 1103 qua-

74 1122 194 1178 dratum
217 1120 301 1178 addit
324 1139 413 1195 supra
437 1119 617 1194 quadratum
639 1118 762 1176 minoris
786 1116 978 1192 superficiem,
1001 1117 1123 1175 cuius10

75 1228 144 1266 area
177 1213 221 1266 est
250 1212 305 1283 20,
334 1228 390 1284 que
418 1211 463 1266 est
491 1206 708 1266 communicans
736 1206 831 1264 radici
859 1207 915 1280 45,
943 1205 1084 1280 quoniam

74 1299 140 1372 ipsa
168 1302 212 1356 est
240 1291 272 1376 ²s3
298 1298 391 1374 ipsius
417 1289 498 1372 201)
554 1297 633 1354 Nam
660 1296 692 1353 in
719 1296 761 1354 45
790 1314 896 1353 novem
924 1294 1083 1369 quinquies

74 1387 176 1461 fuerit,
200 1407 258 1462 que
282 1391 327 1445 est
349 1386 517 1462 superficies
540 1385 700 1461 quadrata,
725 1387 754 1442 et
778 1383 868 1442 etiam
891 1383 970 1458 quod
991 1383 1026 1440 fit
1049 1402 1085 1440 ex

74 1476 322 1551 multiplicatione
349 1476 440 1533 tercie
467 1475 499 1532 in
526 1474 650 1532 terciam
672 1472 907 1548 multiplicatum
929 1473 961 1529 in
985 1473 1026 1529 45
1050 1471 1085 1528 fit

76 1567 108 1639 5,
137 1565 220 1624 cuius
247 1565 333 1623 radix
359 1567 404 1623 θεῖ
430 1564 523 1623 tercia
549 1562 658 1620 radicis
686 1563 737 1620 45.
787 1560 861 1620 (ium
888 1579 958 1637 ergo
986 1561 1083 1635 ipsam
1098 1576 1123 1615 15

75 1655 198 1729 duplare
221 1654 416 1726 voluerimus,
443 1652 677 1727 multiplicamus
703 1653 720 1708 2
745 1651 777 1708 in
802 1653 835 1725 2,
864 1652 894 1707 θῖ
916 1649 994 1724 quod
1017 1667 1083 1724 pro·

74 1743 157 1801 venit
185 1744 216 1801 in
245 1745 277 1818 5,
306 1747 336 1801 et
364 1745 450 1800 erunt
476 1744 525 1800 20.
571 1740 668 1798 Radix
690 1739 783 1817 igitur
806 1741 868 1797 eius
892 1741 937 1796 θεῖ
960 1729 993 1816 ²s3
1017 1732 1084 1815 <ra-

75 1828 169 1909 dicis>
192 1834 243 1906 45,
268 1852 324 1907 que
348 1835 393 1890 θεῖ
416 1831 539 1906 duplum
561 1830 651 1888 tercie
674 1829 782 1887 radicis
802 1830 853 1886 45.
895 1826 991 1885 Sestio
1012 1845 1084 1901 quo-

75 1941 132 1995 que
150 1921 268 1978 brevior
285 1920 484 1979 communicat
501 1920 578 1976 linee
596 1917 738 1977 rationali
756 1918 824 1976 date
843 1917 875 1974 in
888 1915 1084 1993 longitudine.

77 2009 221 2066 Sectionis
244 2027 314 2066 vero
337 2009 479 2084 longioris
503 2009 623 2082 quinti
646 2007 832 2082 quadratum,
856 2026 912 2081 que
937 2008 982 2063 est
1000 2005 1085 2062 radix
1098 2019 1124 2059 20

79 2099 133 2170 24,
162 2097 244 2154 addit
271 2115 359 2172 supra
388 2096 569 2171 quadratum
591 2096 727 2170 minoris,
754 2095 833 2171 quod
856 2099 901 2154 est
925 2097 957 2168 9,
986 2113 1085 2168 super-

76 2186 185 2259 ficiem,
213 2185 295 2243 cuius
324 2203 394 2242 area
421 2187 466 2242 est
490 2185 545 2256 15,
573 2203 628 2258 que
652 2187 697 2242 est
719 2185 971 2242 incommunicans
992 2182 1087 2240 radici

77 2275 118 2330 24
142 2274 173 2331 in
196 2273 395 2349 longitudine,
424 2273 565 2347 quoniam
587 2273 797 2347 multiplicatio
820 2273 907 2329 unius
931 2289 1032 2328 earum
1055 2272 1087 2328 in

78 2363 204 2420 alteram
227 2364 271 2420 θεῖ
294 2362 390 2420 surda.
437 2360 495 2418 Sed
517 2361 660 2437 longioris
682 2361 820 2419 sectionis
843 2360 962 2433 tercii,
985 2355 1085 2437 <que>

77 2454 121 2508 est
147 2452 231 2508 radix
260 2452 337 2525 108,
365 2450 545 2525 quadratum
568 2449 652 2507 addit
674 2467 763 2524 supra
786 2448 967 2524 quadratum
989 2448 1085 2507 brevi·
1100 2463 1125 2502 as

77 2541 136 2597 oris
165 2540 358 2614 quadratum,
387 2541 468 2597 cuius
497 2557 567 2596 area
595 2540 639 2596 est
667 2539 723 2611 48,
750 2541 780 2595 θῖ
806 2537 890 2596 radix
918 2537 981 2595 eius
1008 2556 1085 2596 oom-

76 2630 209 2686 municat
226 2628 320 2687 radici
340 2629 402 2687 108
422 2629 453 2685 in
472 2627 667 2704 longitudine,
687 2627 827 2701 quoniam
844 2627 911 2701 ipsa
929 2630 973 2684 est
987 2620 1086 2703 (due)

76 2719 167 2775 tercie
195 2709 305 2793 eiusl),
338 2720 368 2774 et
399 2717 541 2792 quoniam
572 2715 783 2790 multiplicatio
809 2716 898 2772 unius
927 2733 1028 2772 earum
1054 2716 1086 2772 in

77 2808 203 2864 alteram
231 2809 276 2864 est
299 2806 488 2881 quadratum.
533 2804 665 2882 Longior
686 2822 756 2863 vero
780 2805 871 2862 sectio
895 2805 999 2877 sexti,
1027 2823 1085 2878 que

77 2900 122 2953 est
143 2895 228 2953 radix
252 2896 280 2970 8,
304 2897 403 2970 potest
427 2913 516 2969 supra
538 2893 712 2968 breviorem,
736 2913 792 2969 que
816 2896 861 2951 est
883 2892 968 2950 radix
990 2894 1018 2967 3,
1042 2911 1085 2950 se·
1100 2905 1127 2945 sc

149 3124 190 3172 12.
208 3117 271 3187 ipsi.
290 3149 326 3158 —
344 3115 504 3188 quinquies]
523 3133 564 3171 eo.

149 3334 175 3401 1)
193 3331 263 3386 Vult
280 3330 415 3399 intelligi:
436 3318 500 3402 Vm
514 3357 548 3375 =
561 3312 660 3404 {isis

149 3424 174 3488 2)
193 3420 246 3473 Hic
265 3421 412 3473 Axnmrrus
435 3419 478 3472 vel
498 3418 661 3473 Graecinus
682 3418 770 3472 tercia
793 3436 842 3487 pro
863 3417 971 3470 duabus
990 3415 1085 3470 terciis

77 3525 221 3594 scripsisse
239 3526 358 3595 videtur,
384 3525 451 3594 quia
470 3513 534 3598 ill—8
548 3507 715 3600 εξνῇἒ.
