2408 3848
390 127 440 180 nn
459 126 644 182 nuoamnu
662 100 728 181 nrn'.
743 127 775 181 x.
1018 126 1081 190 341

75 296 223 373 quadrati,
247 296 328 372 quod
351 298 396 356 est
420 296 469 370 15,
494 295 575 354 ouius
597 295 683 355 radix
706 298 751 354 est
774 295 906 354 seiuncta
928 293 1022 353 radici
1041 296 1083 352 24

75 390 105 444 εὴ
136 386 213 444 lineo
246 386 314 443 date
345 384 500 459 rationali,
538 383 616 460 quod
648 385 690 444 sio
720 386 871 460 probatur.
923 381 1084 442 Ostendam

74 494 212 550 namque,
234 469 333 551 <siout
356 469 501 552 ostendi>
524 473 604 549 quod
624 475 667 548 pb
690 476 735 532 est
756 472 928 548 binomium,
952 475 982 531 et
1004 472 1084 547 quod

74 566 114 622 bb
140 566 239 639 potest
262 582 351 638 supra
374 564 414 636 by
437 581 503 621 oum
526 565 685 640 augmento
710 562 863 639 quadrati,
890 562 974 620 euius
996 562 1085 620 lateri

73 654 115 711 bb
138 653 170 710 in
193 651 351 710 latitudine
375 651 556 729 seiungitur,
584 655 614 709 et
637 651 716 727 quod
739 654 791 728 by,
819 671 877 728 que
901 655 945 710 est
966 650 1084 709 brevior
1110 661 1123 701 ⁵

75 741 180 816 sectio,
213 741 412 799 eommunioat
442 740 519 798 lineo
550 741 691 799 rationali
722 739 790 799 date
822 741 854 798 in
885 739 1084 818 longitudine:

76 850 145 908 ergo
171 831 214 904 pb
242 833 286 888 est
312 829 477 889 binomium
504 830 649 905 quintum.
694 829 735 888 Et
761 829 942 905 superfluum
963 828 1084 887 maioris

76 939 180 978 aarum
207 936 298 994 supra
325 918 482 993 minorem,
510 918 593 994 quod⁴
616 921 661 977 est
687 918 772 976 radix
800 920 841 976 24
869 917 980 994 absque
1007 919 1025 976 3
1050 935 1085 998 ex

76 1009 215 1083 numeris,
238 1010 283 1065 est
304 1007 457 1066 residuum
475 1008 627 1083 quintum,
651 1009 681 1065 et
698 1007 773 1065 illud
792 1009 845 1083 est,
868 1007 947 1082 quod
966 1007 1084 1066 demon·

76 1100 170 1156 strare
193 1097 352 1156 voluimua
1099 1109 1124 1148 ro

164 1185 366 1245 Binomium
389 1187 526 1244 sextum
548 1185 721 1244 invenire.

164 1274 250 1332 Dabo
276 1275 370 1351 igitur
396 1275 506 1332 lineam
532 1274 564 1331 in
588 1274 723 1350 potentia
745 1272 936 1348 rationalem,
964 1293 1022 1348 que
1046 1274 1086 1332 sit

78 1365 130 1437 by,
159 1382 248 1438 quam
275 1381 385 1439 ponam
410 1363 541 1421 radicem
568 1363 601 1438 8,
630 1362 727 1438 sitque
755 1362 835 1420 linea
862 1381 881 1422 o
908 1357 1023 1442 <duo>3
1056 1365 1086 1421 et

78 1452 201 1530 signabo
225 1453 299 1511 duos
321 1470 460 1512 numeros
483 1451 608 1527 primos,
636 1452 689 1526 qui
712 1451 772 1510 sint
797 1453 838 1510 10
861 1455 891 1510 et
915 1453 947 1528 6,
976 1455 1006 1510 et
1027 1451 1087 1526 ipsi

178 1606 232 1659 duo

515 1943 647 1997 sexdecim

168 2084 314 2189 praelim
336 2101 353 2153 9

341 2155 344 2191 Ι
422 2084 540 2137 radim
607 2084 622 2191 p

523 2259 527 2295 1

80 2375 140 2433 sint
163 2375 211 2447 dr,
233 2392 277 2450 ze,
301 2376 331 2432 et
353 2375 393 2433 sit
414 2375 567 2451 proportio
587 2376 607 2434 d
614 2393 629 2434 e
646 2375 684 2433 ad
702 2394 943 2451 unumquemque
962 2373 1088 2434 duorum
1102 2386 1128 2428 15

80 2482 270 2521 numerorum
297 2465 350 2539 da,
376 2481 412 2523 ze
439 2482 497 2522 non
525 2465 602 2522 sieut
628 2465 782 2540 proportio
809 2464 925 2522 numeri
950 2465 1089 2539 quadrati

81 2551 119 2609 ad
151 2571 307 2610 numerum
338 2552 529 2628 quadratum
564 2555 594 2611 et
625 2553 748 2630 signabo
779 2553 889 2611 lineam
920 2553 1088 2627 secundam,

83 2661 140 2716 que
163 2642 203 2699 sit
225 2632 304 2700 lin'ea
327 2646 346 2717 t,
368 2660 463 2717 neque
482 2642 522 2700 sit
539 2643 692 2717 proportio
712 2643 775 2700 eius
794 2637 832 2700 ad
850 2661 1088 2718 unumquemque

80 2731 205 2789 duorum
232 2749 422 2790 numerorum
448 2731 501 2805 de,
529 2749 563 2790 ea
591 2732 668 2790 siout
694 2731 847 2808 proportio
874 2730 990 2789 numeri
1017 2749 1088 2806 qua·
1161 2779 1164 2783 .

81 2820 160 2877 drati
188 2818 226 2877 ad
253 2838 409 2878 numerum
432 2818 625 2896 quadratum,
653 2823 683 2878 et
704 2819 758 2878 fiat
779 2820 932 2896 proportio
956 2821 995 2879 de
1017 2820 1056 2878 ad
1078 2823 1128 2877 tto

80 2909 157 2966 siout
179 2910 332 2984 proportio
355 2908 495 2984 quadrati
518 2910 560 2982 by
580 2909 618 2968 ad
636 2909 816 2985 quadratum
833 2903 902 2987 (a).
943 2908 1088 2984 Multipli-

79 2997 151 3056 oabo
179 2998 272 3074 igitur
299 3000 319 3056 4
346 2998 378 3055 in
404 2999 458 3072 16,
485 2999 515 3055 et
537 2997 614 3056 fiunt
638 3000 692 3072 643
721 2997 852 3056 dividam
873 2997 961 3055 illum
983 3017 1036 3074 per
1059 2998 1089 3070 8,

80 3090 110 3144 et
133 3086 254 3145 exibunt
277 3087 306 3162 8,
330 3087 382 3162 qui
405 3088 449 3145 est
471 3087 551 3144 linea
573 3091 591 3145 t
637 3087 677 3145 nt
699 3087 790 3145 etiarn
811 3086 965 3163 proportio
988 3091 1006 3160 t,
1030 3103 1088 3160 que

80 3178 125 3233 est
149 3177 182 3249 8,
205 3175 244 3233 ad
269 3193 317 3251 aa,
347 3195 403 3252 que
432 3177 477 3233 est
503 3177 536 3249 6,
564 3179 609 3234 est
631 3177 709 3234 sieut
730 3177 883 3253 proportio
907 3174 1088 3251 quadratio

80 3264 117 3321 ad
147 3265 326 3339 quadratum
350 3265 405 3338 pt:
438 3267 483 3322 est
510 3283 580 3342 ergo
606 3266 648 3339 pb
675 3264 759 3324 radix
785 3265 889 3338 trium,
918 3266 948 3322 et
975 3264 1015 3323 bb
1042 3265 1087 3321 est
1102 3271 1127 3313 25

79 3351 243 3410 binomium
275 3356 404 3428 sextum,
436 3353 515 3428 quod
542 3354 583 3412 sio
610 3354 761 3430 probatur.
812 3351 974 3413 Ostendam
1001 3353 1088 3428 enim,

152 3509 175 3556 2.
196 3505 225 3557 et
242 3503 319 3559 linea
337 3505 406 3559 data
420 3506 463 3559 ast
476 3504 631 3560 rationalis.
647 3537 681 3548 -
701 3511 783 3560 3-4,
797 3505 881 3572 duod
893 3502 1112 3572 tblwssbbb·
