2408 3848
431 146 481 202 AD
499 147 685 204 EUCLLDEM
703 147 770 203 ΜΒ.
785 148 805 202 Ι.
1081 150 1121 212 51

104 319 150 392 qb
184 318 305 393 equales
337 317 451 376 duabus
482 316 569 376 fineis
595 319 646 392 ab,
679 317 731 392 by,
766 320 796 376 et
824 317 952 394 angulus
979 318 1043 391 byb
1079 321 1124 377 est

109 407 227 483 equalis
255 407 458 483 angeloque.
504 404 696 465 Manifestum
724 409 769 464 est
796 425 866 482 ergo
891 405 1123 482 exprobatione

107 495 206 574 figure
230 498 345 571 quarte,
369 495 448 571 quod
470 494 550 553 basis
568 512 607 569 ay
630 498 675 553 cst
693 496 807 570 equalis
826 495 891 553 basi
910 496 958 564 bb,
983 499 1013 554 et
1030 495 1123 554 trian-

109 585 201 663 gulus
224 586 284 659 boa
306 587 352 643 cst
375 583 489 660 equalis
512 584 664 662 triangulo
686 585 764 659 qbb,
791 587 821 642 et
844 585 971 661 angustus
995 586 1056 658 buy
1079 587 1124 643 est

109 673 228 751 equalis
256 674 367 751 angulo
391 674 461 748 blec.
509 671 584 732 Cum
612 691 681 749 ergo
710 673 864 748 equalibus
893 673 1013 748 equalia
1041 673 1122 731 addi-
1149 686 1162 725 ε

109 763 222 836 dimus,
249 762 306 821 erit
332 762 413 820 linea
434 767 467 823 at
489 761 603 837 equalis
627 761 704 820 lines
728 763 770 821 ab
792 762 935 821 totaliter.
983 761 1040 820 Sed
1062 761 1124 821 iam

110 851 303 927 ostendimus
327 850 406 926 quod
430 852 470 910 bn
492 853 538 910 est
561 851 675 926 equalis
696 869 744 925 qu,
769 853 799 909 et
822 850 894 926 quia
913 852 1039 928 angulus
1058 853 1123 911 aab

110 943 158 1000 est
190 940 303 1016 equalis
336 940 445 1016 angulo
473 957 548 1014 uro,
582 958 650 1016 ergo
684 939 743 998 duo
775 940 872 998 latera
900 941 952 1008 bb,
979 941 1023 998 bo
1053 942 1124 998 sunt

110 1029 232 1106 aqualia
251 1028 365 1088 duobus
383 1028 527 1087 lateribus
546 1032 585 1097 te,
603 1046 650 1103 ay,
671 1028 808 1104 quodque
827 1028 906 1086 latus
925 1047 978 1086 suo
997 1029 1122 1087 relativo

109 1119 226 1194 equale,
249 1120 280 1177 et
302 1118 431 1195 angulus
453 1119 472 1176 b
491 1119 537 1176 est
555 1117 671 1192 equalis
691 1117 800 1194 angulo
819 1135 847 1177 e:
872 1136 941 1194 ergo
962 1118 1123 1176 secundum
1137 1131 1162 1170 ro

108 1206 318 1283 probationem
340 1207 433 1284 figure
457 1208 564 1283 quarte
587 1205 756 1283 triangulus
778 1207 844 1265 bub
869 1210 913 1264 est
936 1206 1051 1282 equalis
1069 1206 1122 1264 tri-

109 1297 223 1374 angulo
251 1300 312 1371 ayt.
359 1295 417 1354 Sed
443 1295 506 1354 iam
533 1295 729 1370 ostendimus,
758 1294 838 1370 quod
864 1294 1034 1370 triangulus
1060 1296 1122 1369 bob

109 1388 158 1444 est
183 1385 298 1461 equalis
321 1384 473 1461 triangulo
495 1386 570 1460 yba:
594 1402 662 1442 oum
685 1402 754 1460 ergo
779 1402 814 1440 ex
837 1383 993 1458 equalibus
1016 1384 1122 1442 minui-

108 1492 177 1532 mus
200 1473 328 1550 equalia,
351 1476 506 1532 remanent
528 1473 655 1549 aqualia.
696 1472 841 1530 Remanct
864 1490 934 1548 ergo
953 1472 1122 1549 triangulus

109 1565 177 1636 uby
199 1563 314 1638 equalis
338 1557 531 1641 <tri>angnlo
555 1564 623 1636 btq,
648 1561 744 1620 maior
766 1560 879 1619 scilicet
901 1560 1017 1635 minori,
1041 1562 1121 1636 quod
1135 1574 1161 1613 15

109 1654 158 1710 est
180 1650 362 1710 eontrarium
385 1654 415 1709 et
437 1650 628 1726 impossibile.
669 1651 737 1709 Non
761 1652 805 1708 est
828 1668 897 1726 ergo
917 1648 1065 1725 possibile,
1089 1653 1123 1708 ut

109 1740 152 1799 sit
173 1740 253 1800 latus
276 1741 317 1800 ab
340 1740 437 1799 maius
460 1741 554 1798 latere
578 1741 630 1813 by,
654 1758 749 1814 neque
772 1739 870 1796 minus
895 1757 928 1797 eo
952 1741 1006 1813 est,
1029 1739 1123 1815 igitur

108 1828 140 1888 ei
163 1829 282 1904 equals3
307 1831 337 1887 et
358 1828 434 1887 illud
458 1832 515 1904 est,
540 1828 619 1904 quod
643 1827 845 1887 demonstrare
868 1826 1024 1887 voluimus.

711 1917 793 1975 Hoc
830 1920 893 1976 est
934 1916 1123 1974 additum

627 1997 832 2082 septima1)
1137 2019 1163 2057 ao

714 2093 746 2152 Si
769 2094 837 2169 quis
857 2086 1006 2174 dixerit²)‚
1029 2094 1123 2169 possi-

622 2183 682 2241 bile
698 2186 751 2259 θεῖ,
770 2186 806 2240 ut
823 2201 841 2241 a
855 2183 972 2241 duabus
987 2182 1121 2240 extremi·

623 2272 738 2330 tatibus
758 2271 835 2329 linea
851 2274 892 2331 ub
911 2272 969 2329 due
988 2271 1065 2329 linee
1081 2290 1123 2344 eq

625 2363 654 2418 et
682 2363 722 2434 by
753 2361 968 2436 protrahantur
1001 2361 1121 2435 equales

624 2449 710 2508 lineis
738 2451 782 2508 eu
815 2452 845 2506 et
878 2451 919 2507 bd
950 2449 1123 2524 protractis
1137 2461 1162 2500 25

624 2538 717 2596 donec
732 2556 774 2612 aq
788 2538 828 2596 sit
842 2537 957 2613 equalis
972 2539 1024 2609 ud,
1040 2540 1069 2594 et
1084 2539 1123 2612 by

554 2624 577 2661 a
625 2626 664 2686 sit
679 2627 793 2702 equalis
810 2621 864 2686 bd}
879 2626 953 2701 dico,
967 2626 1043 2683 illud
1059 2627 1122 2684 lore

625 2716 815 2791 impossibile.
868 2715 1009 2774 Probatio
1049 2714 1122 2790 eiua,

107 2803 252 2881 quoniam
265 2804 427 2879 producam
445 2804 555 2863 lineam
566 2806 618 2879 cel,
639 2808 669 2862 ct
686 2805 860 2880 protraham
878 2804 952 2862 duas
970 2803 1064 2862 lineas
1081 2822 1122 2878 aq

106 2895 142 2952 et
165 2894 209 2952 ad
231 2892 393 2952 seeundum
412 2893 622 2952 rectitudinem
641 2913 735 2969 usque
754 2893 792 2952 ad
810 2894 869 2952 duo
888 2895 998 2967 puncta
1018 2911 1032 2951 e
1051 2895 1080 2951 et
1098 2911 1121 2953 a.
1136 2905 1161 2943 3⁰

182 3068 224 3118 20.
245 3063 350 3130 decime
367 3061 492 3132 septime.
513 3093 545 3103 -
565 3068 606 3117 27.
627 3063 661 3129 de
680 3078 712 3129 eo
732 3062 803 3118 dico.

183 3243 208 3310 1)
227 3241 364 3294 Euonmns
382 3239 403 3309 Ι,
423 3246 451 3294 7:
478 3240 510 3296 Se*
527 3259 544 3295 a
564 3241 668 3295 duobus
681 3242 795 3310 punctis
812 3241 934 3310 uliquuru
953 3241 1052 3295 lineum
1070 3247 1121 3295 ter·

104 3313 280 3368 minuendus
302 3314 354 3367 due
377 3313 446 3367 linea
468 3315 505 3367 nd
523 3319 656 3381 nunctum
677 3329 764 3366 unane
786 3319 972 3366 concurrentes
996 3312 1121 3378 exierant,

104 3385 145 3442 ab
155 3384 254 3439 eisdem
262 3385 374 3453 prunis
383 3384 455 3438 aleos
464 3385 552 3439 lineas
560 3383 684 3453 sinuatus
692 3385 750 3438 suis
758 3383 998 3438 conterminalibus
1007 3384 1121 3451 equales,

104 3474 161 3530 que
179 3456 217 3509 ad
234 3455 322 3509 cluna
339 3462 511 3523 concurrant,
529 3457 560 3510 r'n
576 3455 687 3510 eanum
701 3461 808 3524 penem
821 3455 886 3508 duci
898 3461 936 3509 est
949 3454 1119 3522 inpossibile.

182 3527 209 3597 2)
228 3525 352 3580 Paeonas
371 3531 431 3594 262,
450 3532 516 3595 31q.

882 3613 976 3665 ,ῃ
