2408 3848
111 192 131 253 6
396 187 563 242 ANARITII
581 185 838 241 COMMENTARII

110 360 235 418 tiremur
257 377 324 416 cum
342 358 429 431 linea,
452 358 484 415 in
507 374 567 432 qua
590 356 630 415 sit
652 356 774 414 cavitas.
819 356 860 415 Et
886 355 952 415 ideo
981 356 1125 417 diffinivit

112 467 177 506 eam
208 441 420 523 Asau1rrras¹)
455 447 567 504 dicens:
603 444 714 502 Linea
750 447 850 504 recta
887 449 940 503 est
976 445 1124 507 brevior

110 537 234 611 lineiS,
268 555 417 611 quarum
448 535 699 594 extremitates
728 537 812 592 sunt
837 533 968 610 eedem,
1002 539 1032 594 et
1055 537 1124 596 vult

111 626 219 700 dicere,
249 624 329 700 quod
356 626 395 683 sit
422 624 540 683 brevior
566 623 657 698 linea,
687 642 744 698 que
772 623 939 700 coniungit,
968 623 1050 699 quod
1078 629 1125 684 est

84 715 188 773 sinter
206 714 264 772 duo
283 718 403 789 puncta.
449 713 632 772 Mensuratio
652 713 715 770 eius
734 731 794 771 non
811 712 864 770 fiet
881 713 938 770 nisi
957 731 1026 771 oum
1043 713 1125 773 linea

109 807 199 878 reeta,
223 803 365 878 quoniam
383 803 448 878 ipsa
466 795 539 882 solla
559 805 604 860 est
622 801 759 877 diffinita,
781 801 836 859 hoc
858 804 910 876 est,
934 801 1015 877 quod
1038 803 1125 861 nulla
1142 796 1158 846 8

111 893 238 950 aliarum
269 892 376 949 harum
407 892 559 949 invenitur
590 890 726 948 diffinita.
780 889 925 949 Possibile
963 891 1041 949 enim
1079 894 1125 951 est

110 981 195 1040 nobis
223 981 401 1058 coniungere
428 983 574 1056 punctum
601 982 712 1054 puncto
745 998 813 1037 cum
840 980 926 1039 lineis
959 980 1060 1039 curvis
1094 983 1125 1039 et

109 1069 291 1128 circonflexis
315 1073 345 1128 et
368 1070 548 1144 compositis,
570 1087 699 1144 quorum
721 1068 779 1126 alie
802 1071 873 1126 srmt
895 1069 1023 1128 minores
1046 1070 1125 1144 aliis,

72 1178 97 1216 ro
111 1159 192 1234 quod
224 1177 339 1233 semper
365 1159 428 1217 fieri
455 1158 595 1234 possibile
628 1161 680 1217 est.
731 1157 891 1216 Eoomnas
923 1175 992 1216 vero
1020 1152 1124 1235 <post-

110 1243 222 1323 quam>
245 1246 385 1306 diffinivit
407 1248 517 1306 lineam
540 1251 571 1306 et
593 1247 680 1322 dixit,
704 1246 784 1322 quod
808 1249 853 1305 est
875 1245 1031 1324 longitudo
1060 1248 1124 1306 sine

110 1335 279 1411 latitudine,
302 1337 478 1412 processerit
501 1335 605 1395 deinde
629 1336 668 1394 ad
690 1335 873 1410 loquendum
900 1335 936 1394 de
960 1335 1123 1411 speciebus.

112 1426 230 1501 Species
258 1429 358 1484 antem
384 1427 461 1485 linee
489 1429 560 1486 sunt
587 1430 660 1499 trae,
689 1424 802 1483 scilicet
830 1425 910 1500 quod
938 1443 1041 1483 earum
1064 1425 1124 1484 alie

110 1518 180 1575 sunt
206 1518 298 1590 recte,
327 1516 384 1573 alie
407 1515 591 1589 circonflexe,
605 1502 677 1571 'alie
704 1513 799 1570 medie
827 1514 905 1571 inter
926 1517 1022 1588 rectas
1049 1509 1125 1592 <et>

74 1621 99 1660 15
114 1603 314 1679 oirconfiexas,
348 1623 405 1679 que
438 1607 521 1678 sunt,
553 1622 588 1661 ac
620 1603 643 1661 si
682 1622 716 1659 ex
749 1603 790 1661 eis
822 1603 921 1660 forent
952 1603 1124 1678 composite.

111 1695 228 1753 Harum
253 1712 337 1768 vere,
365 1712 424 1767 que
452 1695 523 1752 sunt
549 1691 657 1765 medie,
690 1690 819 1765 quedam
848 1695 919 1750 sunt
946 1691 1124 1768 inordinate,

112 1803 205 1860 quam
232 1782 269 1840 ob
296 1801 359 1840 rem
385 1800 445 1840 non
472 1781 606 1858 indigent
629 1780 670 1839 eis
694 1782 855 1856 geometre,
879 1781 957 1839 sicut
979 1781 1125 1842 sectiones

110 1871 300 1948 piramidum,
324 1889 382 1947 quc
406 1873 476 1930 sunt
497 1871 624 1929 formate
648 1869 686 1927 ad
709 1869 799 1927 aliam
827 1868 1065 1944 similitudinem,
1095 1873 1126 1929 et

111 1963 168 2020 alie
187 1960 314 2034 infinite,
337 1960 466 2036 quedam
484 1963 562 2034 sunt,
586 1958 695 2034 quibus
718 1960 867 2036 geometra
886 1961 1022 2033 utuntur,
1040 1958 1126 2018 sicut

72 2066 98 2105 20
111 2052 255 2110 sectiones
269 2050 457 2125 piramidum,
476 2068 534 2125 que
554 2051 624 2108 sunt
643 2048 788 2106 altemate
808 2050 838 2104 et
852 2067 910 2122 que
925 2050 996 2106 sunt
1014 2047 1125 2124 addite,

112 2143 222 2215 etque
246 2143 316 2199 sunt
339 2129 526 2214 diminutei),
550 2141 580 2195 et
602 2137 688 2210 linea,
712 2155 769 2210 que
793 2133 1068 2213 sunt‘leulavro),
1094 2140 1124 2195 et

112 2230 163 2287 alii
177 2230 254 2286 linee
264 2229 366 2303 multe,
381 2229 411 2285 in
422 2227 530 2302 quibus
541 2229 611 2286 sunt
620 2225 714 2283 multe
723 2243 769 2284 res
779 2224 938 2283 mirabiles.
962 2225 1123 2285 Eooamas

111 2337 194 2393 vero,
226 2319 298 2392 quia
326 2318 413 2377 scirit
444 2316 607 2374 utilitatem
640 2317 670 2372 et
696 2332 867 2372 mensuram
898 2314 1029 2391 prologi,
1061 2333 1123 2373 non

111 2407 251 2466 diffinivit
273 2407 331 2465 nisi
353 2409 465 2464 rectam
488 2408 518 2462 et
540 2403 757 2477 circonflexam,
786 2421 844 2478 que
872 2406 943 2461 sunt
965 2402 1123 2478 simplices.

72 2509 97 2548 25
198 2488 338 2572 Pcar03)
364 2513 433 2553 vero
453 2493 595 2551 diffinivit
615 2495 727 2550 rectam
747 2492 858 2550 lineam
876 2491 988 2550 dicens:
1011 2490 1125 2551 Linea

110 2589 209 2643 recta
233 2588 298 2659 est,
322 2585 424 2642 cuius
447 2583 601 2640 medium
621 2582 708 2640 duas
731 2581 848 2656 ipsius
873 2579 1123 2642 extremitates

57 2672 60 2677 ’
111 2674 280 2749 cooperit.
328 2672 403 2732 (lum
426 2673 504 2730 enim
527 2671 637 2746 aliquis
659 2669 757 2728 fixerit
780 2669 900 2729 oculum
921 2687 1010 2744 supra
1028 2688 1126 2728 unum

16 2776 18 2781 '
110 2766 254 2837 punctum
277 2762 403 2819 duarum
430 2761 664 2835 extremitatum,
692 2762 723 2818 et
749 2758 878 2818 voluerit
904 2759 1003 2817 videre
1031 2759 1126 2817 aliam

112 2853 336 2926 extremitatem,
361 2853 391 2908 et
413 2850 548 2924 posuerit
570 2849 690 2908 oculum
713 2848 744 2905 in
762 2848 827 2906 loco
846 2849 958 2923 puncti,
982 2848 1124 2924 inveniet,

72 2940 193 3015 eoquod
224 2940 312 3015 illud,
349 2939 429 3015 quod
458 2942 502 2998 est
537 2939 569 2995 in
600 2937 710 3013 medio,
747 2937 879 3013 cooperit
906 2937 1126 2995 extremitatem

184 3152 207 3199 1.
223 3148 252 3198 et
265 3145 329 3199 ideo
345 3146 391 3200 bis.
407 3176 440 3184 -
460 3150 484 3199 9.
500 3142 577 3215 aliis]
592 3141 650 3197 alii.
671 3173 703 3183 -
724 3147 764 3196 13.
779 3142 848 3214 tres]
863 3140 923 3196 int'.
942 3173 972 3180 -
988 3146 1029 3195 21.
1046 3140 1123 3210 Quid

113 3217 149 3272 sit
165 3233 218 3272 oorc
236 3215 352 3272 leulavi0
369 3217 466 3272 nescio.

186 3432 212 3499 1)
239 3430 394 3483 Assurrmrs
422 3431 466 3483 est
493 3427 580 3482 etiam
607 3427 788 3480 Anemosa.
836 3423 889 3479 sfr.
908 3410 1038 3479 Procamr
1063 3431 1125 3495 110,

115 3506 228 3626 ξιξ-ἑὲ.
243 3533 278 3542 -
298 3505 324 3571 2)
338 3499 485 3567 Parabola‚
500 3497 669 3568 Hyperbola,
684 3495 807 3566 Ellipsis.
830 3528 861 3536 —
871 3498 908 3565 ·3)
922 3495 1046 3551 Procius
1063 3501 1125 3567 109,
