2408 3848
123 197 166 260 84
358 157 362 165 ⁸
380 195 545 250 aunarrn
564 194 820 249 oouuaurmu

120 366 234 442 equalis
267 366 376 441 angulo
410 369 473 424 tac.
524 363 582 422 Sed
609 365 736 441 angulus
764 365 829 437 uby
861 367 906 422 est
939 363 1056 439 equalis
1090 382 1140 422 an-

120 456 190 533 gulo
218 456 298 529 pale,
329 454 470 530 quoniam
495 454 538 528 plo
566 455 611 511 est
638 453 891 528 perpendicularis
924 453 956 510 in
985 453 1140 530 triangulo

120 543 297 620 orthogonio
321 545 398 617 obp:
422 561 491 619 ergo
516 543 643 619 angulus
662 547 719 602 tra
738 545 783 600 est
801 542 915 617 equalis
935 542 1048 619 angulo
1065 543 1140 615 pale.

121 633 179 691 Sed
211 633 337 710 angulus
370 637 425 691 tec
462 635 507 690 est
540 632 654 706 equalis
687 632 796 709 angulo
829 649 897 706 saa,
930 630 1076 706 quoniam
1111 631 1142 688 in

94 722 400 798 sparallelogrammo
424 739 465 780 sa
487 723 557 779 sunt
580 724 729 796 protracte
748 721 804 778 due
824 720 963 778 diametri
982 739 1030 796 aa,
1054 725 1088 780 at
1111 738 1140 778 se

120 830 210 886 supra
229 814 373 886 punctum
391 812 411 870 cl
429 812 571 886 secantes,
591 811 620 867 et
638 810 674 868 fit
692 811 771 867 linea
789 811 830 869 acl
853 809 968 885 equalis
988 809 1069 868 linae
1084 811 1140 868 ad:

120 919 190 977 ergo
223 900 349 976 angulus
382 917 442 958 saa
473 902 519 957 cst
551 899 665 974 equalis
702 899 814 976 angulo
844 900 920 972 pola
980 898 1142 957 Assumam

120 993 221 1046 autem
244 990 387 1066 angulum
410 1007 472 1062 say
495 1007 692 1064 communem,
721 1007 791 1064 ergo
820 986 989 1046 coniunctio
1014 987 1141 1047 duorum
1177 1004 1179 1008 ·

122 1079 300 1154 angulorum
322 1096 392 1152 sar,
415 1096 477 1151 sup
500 1080 546 1135 est
568 1077 683 1152 equalis
707 1077 908 1137 coniunctioni
937 1076 1065 1135 duorum
1089 1095 1140 1134 an·

82 1181 108 1220 10
122 1167 259 1244 gulorum
276 1185 362 1241 may,
378 1185 449 1242 pas.
488 1165 546 1224 Sed
565 1167 725 1225 secundum
743 1166 950 1242 probationem
969 1164 1066 1242 figure
1088 1167 1141 1224 13e

122 1256 289 1315 coniunctio
313 1257 440 1314 duorum
463 1256 642 1332 angulorum
665 1274 738 1329 saa,
765 1273 831 1329 sap
858 1257 903 1314 est
931 1255 1047 1330 equalis
1072 1273 1140 1313 con·

121 1345 266 1404 iunctioni
294 1345 419 1404 duorum
445 1349 608 1422 rectorum,
642 1363 712 1421 ergo
745 1344 905 1402 secundum
932 1343 1143 1419 probationem

120 1434 386 1512 figur014⁰linea
409 1453 484 1493 sam
507 1436 552 1492 est
574 1437 668 1509 recta,
693 1436 723 1492 et
746 1436 792 1492 est
814 1433 959 1492 diameter
981 1433 1142 1508 parallelo·

121 1524 248 1600 grammi
277 1542 332 1582 sm.
391 1522 558 1582 Secundum
594 1523 802 1598 probationem
836 1522 931 1599 igitur
962 1520 1057 1598 figure
1087 1523 1143 1580 430

82 1623 107 1664 15
122 1614 360 1689 supplementum
383 1631 427 1671 aa
451 1615 496 1670 est
520 1612 635 1686 equalis
655 1612 861 1687 supplemento
881 1629 931 1684 aq.
976 1611 1143 1686 Assumpta

120 1703 224 1777 itaque
248 1701 401 1776 superficie
430 1719 491 1759 am.
507 1701 655 1758 communi
679 1701 736 1758 erit
765 1700 934 1776 superficies
957 1704 1004 1759 ml
1026 1700 1143 1775 equalis

121 1781 287 1866 superficiei
313 1808 376 1864 ma,
406 1792 435 1846 et
464 1789 534 1863 quia
560 1808 602 1848 aa
630 1792 675 1848 est
702 1789 1030 1867 parallelogrammum,
1060 1789 1142 1848 cuius

122 1880 284 1937 diametrus
309 1897 345 1950 cy
369 1877 478 1951 existit,
502 1881 532 1935 et
555 1881 624 1936 sunt
648 1900 665 1936 a
689 1878 803 1936 duabus
828 1878 964 1954 partibus
987 1877 1072 1937 illius
1094 1896 1143 1937 am

123 1971 153 2025 et
182 1986 237 2025 rure
265 1967 596 2042 parallelogrammata,
626 1986 683 2043 que
714 1971 784 2026 sunt
813 1968 1035 2043 supplementa,
1072 1985 1142 2044 ergo

82 2070 108 2108 ao
122 2057 361 2130 supplementum
383 2074 432 2115 am
456 2059 500 2114 est
528 2057 633 2132 equale
657 2057 863 2132 supplemento
886 2075 949 2115 aaa.
997 2055 1057 2114 Sed
1083 2056 1143 2114 iam

122 2145 181 2203 fuit
209 2148 374 2219 ostensum,
407 2145 487 2219 quod
519 2145 686 2221 superficies
718 2164 768 2205 am
799 2149 845 2204 est
877 2145 991 2221 equalis
1025 2145 1142 2222 supple·

121 2236 222 2302 mento
245 2237 297 2308 rat,
322 2253 391 2310 ergo
416 2234 583 2308 superficies
606 2254 661 2294 mu
685 2238 729 2293 est
753 2235 867 2310 equalis
895 2233 1064 2310 superficiei
1086 2237 1143 2292 ml:

123 2341 193 2399 ergo
226 2323 386 2381 secundum
419 2323 498 2398 quod
531 2324 755 2399 explanavimus
787 2324 819 2381 in
851 2323 1017 2382 intentione
1051 2322 1143 2382 tercia

122 2413 229 2469 harum
251 2413 343 2470 trium
365 2412 566 2471 intentionum
584 2414 670 2471 huius
689 2413 792 2490 figure,
816 2432 890 2488 quas
909 2412 1143 2488 explanavimuS,

84 2511 110 2552 25
124 2500 181 2559 erit
214 2503 287 2558 ema
314 2501 394 2558 linea
426 2504 520 2575 recta3
558 2505 588 2560 et
620 2502 695 2560 illud
730 2505 788 2575 est,
826 2502 905 2577 quod
938 2502 1141 2560 demonstrare

122 2589 280 2649 voluimus

216 2678 315 2747 Quod
338 2679 501 2754 sequitur
524 2679 666 2738 addidit
690 2680 809 2737 Tnamn
833 2681 891 2738 46⁰
913 2679 1143 2739 theoremati.

215 2766 334 2826 Omnis
349 2768 532 2845 trianguli
546 2768 756 2846 orthogonii
770 2769 989 2844 quadratum
1008 2770 1144 2828 factum

124 2857 302 2915 exlatere
332 2857 505 2916 subtenso
534 2859 665 2934 angulo
693 2859 792 2916 recto
822 2858 951 2933 equale
979 2862 1035 2917 est
1065 2877 1143 2918 con·

84 2958 110 2998 ao
124 2946 308 3005 iunctioni
330 2946 479 3004 duorum
499 2946 772 3022 quadratorum,
797 2966 864 3021 que
882 2947 982 3005 fiunt
1001 2966 1042 3005 ex
1060 2947 1143 3007 duo·

123 3034 187 3093 bus
207 3035 402 3109 lateribus,
428 3053 494 3109 quc
518 3036 707 3094 continent
731 3036 904 3112 angulum
925 3039 1075 3095 rectum.

213 3124 351 3199 Exempli
366 3141 457 3181 causa
471 3124 511 3182 sit
524 3125 694 3202 triangulus
709 3120 823 3202 <cb9>,
839 3125 923 3183 cuius
938 3126 1068 3202 angulus
1084 3128 1146 3200 bap

125 3212 165 3270 sit
183 3216 295 3271 rectus:
316 3213 380 3270 dico
401 3232 480 3288 ergo,
504 3213 584 3288 quod
603 3214 785 3289 quadratum
803 3215 918 3272 factum
937 3214 1089 3274 exlatere
1109 3217 1147 3289 by

125 3305 170 3359 est
200 3302 306 3378 equale
335 3301 538 3360 coniunctioni
566 3303 694 3361 duorum
722 3303 950 3378 quadratorum,
984 3323 1042 3378 que
1071 3305 1148 3364 fiunt

84 3504 151 3580 ,f
197 3516 221 3564 ὁ.
240 3507 485 3579 paralellogramo.
505 3540 540 3548 -
560 3513 601 3562 17.
621 3508 858 3578 paralellogrami.
878 3539 913 3548 -
933 3514 974 3563 19.
995 3509 1150 3579 paralello-

72 3578 297 3637 horamatria.
