2408 3848
386 143 436 197 AD
454 142 641 198 EUCLIDEM
659 142 726 197 LIB.
741 143 787 198 lli.
1028 143 1089 207 127

79 311 231 387 descripti,
254 311 396 387 quoniam
417 311 448 370 in
472 313 514 372 eis
537 332 597 372 non
620 315 689 372 sunt
707 311 912 398 antecedentia
929 312 1092 390 figurarum

78 399 268 477 sequentium
295 401 372 460 hanc
393 401 533 480 figuram,
560 422 655 477 neque
679 402 770 460 etiam
792 401 846 460 hec
867 401 965 479 figura
988 405 1033 460 est
1055 401 1091 460 de

78 489 235 549 elementis
257 489 338 550 illius
359 490 461 568 figure,
485 491 536 550 sed
557 491 639 550 illius
656 491 749 568 figure
768 491 916 567 principia
934 495 1092 549 sumuntur

78 600 113 638 ex
146 580 360 656 primaparte
392 581 422 638 et
454 599 489 638 ex
518 580 613 656 figura
640 581 738 654 prima
763 579 853 638 huius
879 579 982 656 partis
1034 578 1092 638 Sed

78 669 150 744 quia
173 669 293 728 Yamus
319 668 472 746 indigebat
501 687 548 744 ea,
576 669 615 726 ad
636 668 713 727 hanc
736 667 953 727 dubitationem
977 669 1091 728 solven-
1118 681 1132 721 ὁ

78 758 149 815 dam
176 757 278 833 posuit
304 757 431 834 figuram
459 760 538 816 20³¹¹¹
565 757 654 816 huius
681 758 778 832 partis
799 758 979 834 principium
1002 759 1091 818 huius

77 838 198 926 figure).
243 846 284 904 Et
316 845 388 920 quia
419 846 545 923 angulus
574 847 640 904 abd
668 849 713 904 est
740 847 854 921 equalis
882 848 992 924 angulo
1016 850 1091 924 dyc,

78 935 223 1009 quoniam
250 937 318 993 sunt
345 934 377 991 in
406 935 543 1010 portione
569 953 643 1009 una,
670 937 701 992 et
728 954 829 994 eorum
852 937 941 995 corda
964 940 1009 996 est
1031 957 1091 995 una

76 1041 166 1082 arcus
184 1023 281 1097 unius,
300 1022 351 1098 qui
370 1026 415 1082 est
433 1042 518 1082 arcus
538 1025 590 1097 ud,
609 1027 640 1082 et
657 1024 738 1083 latus
757 1025 798 1083 ab
817 1028 863 1084 est
881 1027 987 1100 equale
1001 1026 1090 1084 lateri

73 1113 133 1186 ρᾶς
162 1130 232 1188 ergo
261 1111 421 1170 secundum
446 1112 654 1188 probationem
680 1112 774 1189 figure
795 1115 849 1170 26θ
876 1115 970 1189 prime
996 1116 1091 1189 partis
1105 1129 1132 1167 10

76 1201 136 1260 erit
163 1218 204 1261 oz
231 1199 345 1276 equalis
372 1201 448 1259 linee
471 1203 526 1275 κάς
555 1204 585 1259 et
607 1202 699 1260 etiam
721 1202 792 1277 quia
815 1203 942 1278 angulus
966 1221 1023 1277 erp
1046 1207 1092 1262 est

76 1290 194 1366 equalis
216 1289 326 1366 angulo
346 1290 411 1363 erb,
430 1293 460 1348 et
478 1290 604 1366 angulus
624 1308 680 1363 epa
699 1293 744 1349 est
762 1291 876 1366 equalis
895 1293 1006 1368 angulo
1021 1294 1091 1351 ebe:

77 1399 150 1457 ergo
179 1379 340 1438 secundum
366 1378 572 1454 probationem
598 1378 693 1456 figure
713 1381 768 1438 32θ
794 1379 888 1454 prime
915 1381 1010 1455 partis
1034 1380 1091 1439 erit

76 1468 207 1547 angulus
227 1483 287 1542 per
308 1468 440 1543 reliquus
459 1467 573 1543 equalis
591 1468 707 1542 reliquo
726 1468 837 1544 angulo
856 1469 921 1528 bea.
960 1470 1001 1528 Et
1020 1469 1091 1544 quia

76 1559 136 1617 duo
165 1557 268 1636 anguli
296 1574 368 1631 uer,
396 1575 455 1616 cuz
481 1557 626 1634 trianguli
653 1575 713 1616 uer
740 1559 810 1616 sunt
832 1558 953 1632 equales
976 1558 1089 1616 duobus
1104 1570 1130 1611 15

24 1649 57 1702 ΞΒ
77 1645 197 1724 angulis
220 1647 280 1706 dez
303 1647 333 1703 et
353 1641 357 1724 Ι
379 1647 445 1707 eda.
459 1647 604 1723 trianguli
627 1647 700 1722 dez,
725 1665 793 1723 ergo
816 1647 911 1705 latere
935 1665 969 1706 er
991 1647 1091 1722 posito

75 1734 226 1796 communi
249 1735 291 1794 eis
315 1735 372 1792 erit
395 1736 554 1794 secundum
576 1734 784 1812 probationem
805 1735 898 1812 figure
919 1738 973 1794 26θ
996 1735 1091 1811 prime

74 1823 173 1901 partis
195 1823 275 1882 latus
299 1841 338 1882 ec
361 1824 466 1899 equale
486 1825 574 1883 lateri
594 1827 645 1884 ed:
669 1843 739 1902 ergo
757 1825 838 1882 linea
857 1826 893 1884 eb
913 1827 958 1884 est
976 1824 1091 1900 equalis

74 1913 154 1972 linee
183 1929 233 1986 cp,
261 1913 292 1970 et
314 1913 442 1989 angulus
467 1914 532 1987 bet,
559 1913 721 1972 secundum
744 1913 825 1988 quod
848 1916 1000 1972 ostensum
1021 1914 1090 1989 tuit,

76 2005 122 2061 est
146 2001 262 2078 equalis
285 2002 396 2078 angulo
417 2005 479 2076 pet.
523 2001 648 2078 Sumpta
670 2002 773 2078 itaque
796 2002 876 2060 linea
895 2007 925 2061 et
943 2004 1091 2062 communi
1106 2018 1132 2058 ao

76 2092 164 2150 erunt
187 2090 245 2148 duo
268 2090 365 2148 latera
385 2108 425 2164 qe
448 2093 477 2149 et
501 2095 531 2149 et
553 2091 672 2166 equalia
694 2090 809 2150 duobus
832 2091 977 2152 lateribus
1002 2093 1038 2150 be
1061 2095 1092 2150 et

76 2184 114 2254 ct,
143 2181 175 2237 et
202 2179 329 2255 angulus
350 2183 405 2252 yet
428 2182 474 2238 est
496 2181 610 2254 equalis
634 2181 744 2256 angulo
768 2181 832 2239 bet:
862 2200 931 2258 ergo
955 2180 1034 2240 basis
1059 2182 1092 2239 bt

76 2270 121 2326 est
144 2267 260 2343 equalis
282 2267 348 2326 basi
372 2272 413 2341 tp,
436 2271 466 2326 et
485 2269 611 2346 angulus
630 2271 681 2328 etb
700 2272 746 2328 est
764 2269 878 2344 equalis
898 2271 1008 2346 angulo
1029 2273 1092 2344 etp,

77 2375 147 2434 ergo
174 2356 233 2432 ipsi
260 2359 331 2414 sunt
357 2355 439 2414 recti.
488 2358 568 2434 Ergo
597 2377 687 2434 supra
712 2358 823 2416 lineam
846 2360 899 2432 ὁρ,
928 2377 986 2433 que
1009 2358 1091 2416 cadit

74 2444 106 2503 in
130 2445 240 2505 circulo
264 2446 362 2521 obed,
384 2445 445 2503 iam
467 2447 608 2505 transivit
630 2442 751 2524 <linea>
775 2448 835 2521 eth,
858 2466 915 2522 que
938 2448 1036 2523 ipsam
1058 2447 1090 2504 in
1104 2459 1130 2499 aa

76 2533 135 2593 duo
158 2533 258 2593 media
281 2535 519 2612 orthogonaliter
541 2535 686 2594 divisivit:
711 2554 781 2612 ergo
804 2535 967 2593 secundum
984 2535 1091 2611 proba-

76 2623 190 2682 tionem
211 2623 305 2701 figure
328 2625 418 2683 tercie
441 2625 529 2683 huius
547 2625 642 2701 partis
661 2642 751 2699 supra
768 2623 879 2682 lineam
898 2627 971 2684 etat
991 2624 1092 2682 existit

77 2715 212 2771 centrum
234 2712 351 2786 circuli3
375 2716 406 2771 et
427 2712 503 2771 illud
526 2717 580 2789 est,
602 2714 684 2790 quod
707 2713 909 2772 demonstrare
932 2713 1090 2772 voluimus.

141 2800 228 2859 Dixit
255 2801 346 2859 etiam
372 2801 505 2860 Yamus:
535 2803 566 2860 Si
594 2803 662 2878 quis
685 2801 806 2876 dixerit,
831 2801 911 2876 quod
934 2802 990 2861 due
1013 2802 1091 2860 lineo

77 2889 198 2966 equales
230 2893 332 2948 secant
364 2909 395 2949 se
422 2889 504 2948 intra
531 2890 673 2949 circulum
702 2893 791 2966 abpd
818 2909 909 2966 supra
936 2893 1040 2950 notam
1068 2909 1091 2966 e,
1105 2906 1131 2945 eo

76 2979 153 3039 sicut
182 2977 262 3037 linea
294 2997 335 3053 up
362 2982 444 3039 secat
472 2979 581 3038 lineam
611 2981 666 3054 bd,
697 2983 768 3038 tuno
796 2979 906 3054 dicam,
939 2980 1019 3056 quod
1046 2983 1092 3053 est

74 3068 228 3145 possibile,
246 3068 320 3143 quin
339 3071 474 3128 centrum
493 3067 532 3128 sit
551 3071 604 3127 aut
622 3087 712 3144 supra
732 3068 892 3128 sectionem
907 3089 1091 3128 communem

76 3157 191 3217 duabus
214 3157 301 3216 lineis
325 3176 366 3231 aq
389 3159 419 3215 et
438 3159 489 3233 bd,
513 3157 627 3216 scilicet
645 3175 736 3233 supra
753 3160 857 3217 notam
876 3177 898 3232 e,
921 3162 974 3218 aut
992 3161 1092 3235 preter

76 3266 149 3306 eam.
198 3244 282 3314 Quod
309 3245 335 3305 si
363 3246 504 3305 ceciderit
526 3265 618 3322 supra
640 3249 744 3305 notam
767 3265 792 3324 e,
819 3265 889 3324 ergo
912 3248 1010 3323 ipsum
1034 3247 1091 3306 erit

149 3456 172 3504 1.
191 3448 223 3503 in
241 3466 283 3504 ea.
307 3483 341 3490 -
364 3457 388 3504 5.
408 3450 529 3524 Yrinus]
548 3469 629 3507 unus.
653 3483 688 3492 -
713 3456 735 3506 7.
756 3452 875 3521 angulus
896 3454 963 3522 bap.
984 3484 1017 3492 -
1042 3469 1090 3505 an-

73 3521 142 3592 gulo
163 3523 232 3593 bdq.
252 3554 285 3562 —
305 3527 347 3577 23.
367 3537 433 3592 ergo
453 3524 581 3594 angulus.
