2408 3848
84 151 136 206 XII
448 153 729 208 PROLEGOMENA.

104 315 130 382 9)
155 330 181 380 p,
202 317 355 368 263-296:
385 311 485 382 Optica
508 329 557 367 seu
579 312 754 381 perspectiva
772 311 912 366 Pronounr
936 315 988 382 (est
1006 313 1094 367 versio

157 391 275 445 Euenum
292 392 427 445 Anmncnr
446 392 537 446 Srounr
556 392 590 446 de
608 392 729 446 Arabico
739 392 770 462 ¹);

87 474 130 540 10)
155 489 182 540 p.
203 477 357 526 aaa—402:
376 473 505 525 Eucnmrs
521 470 681 526 Geometria
699 488 733 524 ex
752 471 875 526 editione
890 472 1016 527 Csnrsrr.
1046 474 1096 527 Su-

156 551 217 605 bito
236 551 267 604 in
284 551 351 605 libri
365 552 403 604 XI
421 551 613 622 propositione
626 551 717 604 XXIX
736 551 912 620 abrumpitur
925 553 1030 607 verbis:
1049 555 1096 609 sed

156 648 213 686 ueu
230 649 312 700 super
330 633 431 686 Ir'ueam
448 650 540 686 uuam.
580 632 679 700 Sitque.

86 710 141 776 Qui
160 711 272 780 scripsit
289 711 405 780 librum,
425 729 489 766 eum
508 712 542 766 de
561 711 762 766 mathematica
781 729 872 782 pauca
891 713 935 767 vel
952 713 1024 766 nihil
1044 712 1096 766 sci-

85 791 158 845 visse
180 792 416 846 verisimillimum
439 795 489 846 est.
527 791 603 846 Male
627 792 702 846 enim
726 808 809 861 saepe
827 793 914 847 verba
937 796 966 846 et
985 809 1096 846 sensum

85 871 247 941 interpretis
270 871 414 925 mutilavit
443 874 471 925 et
497 871 622 926 detorsit.
669 873 708 926 Ut
736 873 863 941 exempla
889 872 1016 942 afferam,
1043 891 1094 942 pro

86 989 201 1059 eruitur
224 987 336 1056 scripsit
359 975 395 1042 ὦ
412 969 443 1056 ᾇ,
472 986 502 1040 id
521 989 564 1042 est
586 988 638 1042 err't
655 988 756 1057 ipr'tur,
783 1004 834 1057 pro
853 995 959 1042 eeuturu
983 987 1094 1056 saepius

86 1075 215 1122 ceutrum.
249 1068 302 1120 Pro
322 1074 346 1122 et
360 1068 447 1122 ultera
466 1066 578 1136 scripsit
592 1074 616 1122 et
631 1068 725 1135 lutera,
743 1084 824 1136 super
837 1069 926 1135 filium
938 1085 988 1137 pro
1003 1086 1094 1137 super-

85 1149 184 1216 fluum,
210 1153 361 1216 queretetur
378 1163 429 1215 pro
448 1154 586 1216 queretur,
611 1149 773 1215 rectamque
791 1147 942 1202 lectionem
965 1151 1097 1218 quesitam

85 1227 190 1296 pluries
204 1227 235 1280 in
248 1243 299 1296 que
312 1227 407 1281 scitam
422 1227 568 1282 convertit.
593 1227 814 1282 Innumerabiles
828 1245 918 1298 paene
933 1232 999 1282 sunt
1013 1229 1096 1283 omis-

86 1306 178 1360 siones
191 1323 241 1375 per
250 1305 485 1375 homoeoteleuta,
500 1324 573 1376 quae
582 1310 725 1376 vocantur,
739 1307 960 1376 iterationesque
971 1308 1096 1363 eiusdem

86 1386 164 1440 verbi
181 1385 226 1439 vel
239 1385 394 1440 verborum.
422 1385 544 1461 Figurae
558 1404 677 1456 quoque,
696 1404 867 1455 quamquam
881 1388 986 1457 optime
1000 1389 1096 1443 viden·

85 1467 132 1518 tur
151 1466 317 1536 delineatae,
336 1467 457 1536 pessime
475 1469 571 1521 tamen
585 1466 714 1535 depictae
729 1470 801 1521 sunt.
830 1467 928 1534 Neque
943 1469 1018 1520 enim
1031 1486 1095 1536 pro-

86 1545 178 1615 portio
196 1545 320 1615 partium
339 1550 449 1601 servata
468 1550 523 1614 est,
546 1563 637 1614 neque
655 1545 746 1598 forma
764 1562 860 1600 earum
879 1563 987 1615 semper
1004 1547 1096 1601 textui

87 1626 306 1682 accommodata.
349 1626 477 1695 Exempli
500 1625 594 1695 gratia
616 1624 755 1692 quadrata
779 1641 870 1693 paene
893 1641 1002 1693 semper
1024 1630 1095 1680 rect-

86 1704 205 1775 angulis,
226 1706 336 1774 saepius
356 1721 467 1773 quoque
484 1703 757 1774 parallelogrammis
772 1703 913 1772 descripta
927 1708 1000 1774 sunt,
1019 1707 1096 1759 utin

85 1785 176 1856 figura
193 1784 393 1854 propositionis
411 1783 601 1853 Heronianae‚
624 1800 680 1851 qua
700 1783 816 1837 docetur
833 1786 890 1837 tres
908 1783 998 1838 lineas
1018 1785 1096 1838 auxi-

85 1864 169 1918 liares
192 1863 222 1916 in
245 1864 418 1918 theoremate
436 1862 624 1932 Pythagorico
648 1863 747 1917 ductas
770 1863 800 1916 in
824 1864 922 1918 eodem
942 1867 1046 1932 puncto
1066 1881 1095 1918 se

86 1961 180 1998 secare
198 1942 303 2012 (videas
321 1962 349 2012 p.
365 1947 416 2012 83).

156 2033 189 2085 In
206 2033 286 2085 textu
305 2031 501 2086 constituendo
521 2034 550 2086 et
567 2032 683 2086 lacunas
702 2031 807 2085 codicis
827 2031 982 2100 supplendo
1001 2034 1095 2085 textus

85 2111 252 2166 anrnonrm
269 2111 416 2164 Hnmaaau
437 2112 521 2181 primi
539 2111 606 2165 libri
629 2115 658 2166 et
676 2111 891 2165 commentarius
910 2111 1040 2181 Paocm‘)
1060 2111 1096 2164 ad

85 2192 160 2246 huno
183 2192 286 2245 librum
308 2192 438 2246 Eucnmrs
461 2191 615 2246 maximum
637 2191 793 2245 afferebant
816 2190 965 2260 auxilium,
988 2207 1096 2259 usuque

86 2272 227 2326 scribendi
240 2271 434 2326 Gherardiano
450 2273 536 2326 semel
550 2271 663 2342 cognito
681 2274 709 2326 et
722 2271 753 2325 in
767 2271 948 2340 sequentibus
963 2272 1043 2325 libris
1059 2271 1095 2325 ab

84 2352 238 2406 Hnmaasro
257 2352 382 2406 nondum
399 2352 522 2422 vulgatis
541 2353 656 2406 lacunas
670 2352 786 2422 implere
799 2352 945 2420 malasque
959 2351 1094 2405 lectiones

85 2432 239 2486 rectificare
256 2449 313 2486 non
331 2434 391 2486 tam
410 2432 525 2486 difficile
545 2435 612 2487 erat.
650 2433 682 2486 In
701 2431 926 2501 definitionibus,
951 2430 1095 2500 petitioni-

85 2511 138 2566 bus
162 2514 191 2565 ct
214 2511 403 2566 axiomatibus
427 2512 557 2566 Eucnrnrs
584 2512 760 2566 declarandis
783 2515 878 2566 textus
901 2528 1012 2579 quoque
1035 2511 1095 2578 ipse

85 2592 214 2646 Eucnrnrs
234 2592 270 2645 ab
289 2594 403 2645 auctore
423 2591 537 2646 affertur
555 2595 584 2646 et
602 2593 632 2645 in
650 2591 733 2646 initio
752 2591 836 2662 primi
854 2590 921 2644 libri
942 2593 971 2644 et
989 2589 1019 2643 in
1038 2606 1095 2642 om-

84 2671 181 2742 nibus,
209 2672 239 2725 in
262 2671 363 2740 quibus
386 2671 459 2726 tales
484 2675 639 2727 occurrunt.
680 2673 713 2725 In
734 2670 956 2726 theorematibus
979 2686 1043 2723 vero
1067 2671 1096 2721 et

85 2752 321 2821 problematibus,
343 2768 413 2819 quos
432 2755 603 2806 commentat
621 2754 731 2821 auctor,
752 2751 828 2805 solae
847 2749 1019 2817 additiones,
1039 2765 1095 2802 non

85 2833 179 2886 textus
202 2831 263 2901 ipse
285 2830 520 2900 propositionum,
544 2832 594 2885 sed
615 2831 724 2886 numeri
748 2833 860 2885 tantum
878 2845 973 2882 earum
992 2828 1096 2882 adseri-

158 3030 183 3095 1)
202 3027 303 3080 Editus
322 3029 366 3082 est
383 3026 455 3080 liber
470 3043 487 3080 a
501 3027 638 3081 Gruasaro
654 3027 726 3081 Gerr
745 3025 796 3080 snb
810 3024 907 3080 titulo:
930 3025 1048 3079 L’ottIoa
1065 3025 1096 3077 di

88 3097 208 3152 Caluino
228 3098 360 3151 Tonouno
384 3100 422 3152 du
443 3098 566 3152 Eudamo
585 3099 759 3151 Auumanro
783 3115 812 3148 nr
833 3096 948 3162 Siarum,
974 3097 1095 3150 sortitore

85 3171 129 3224 del
146 3170 230 3224 secolo
250 3170 318 3223 XII
336 3171 440 3224 ridottu
461 3171 494 3223 r'u
517 3171 603 3224 tatiuo
625 3185 705 3224 soora
728 3170 757 3222 Iu
776 3168 936 3222 trudurr'oue
955 3168 1042 3220 aruba
1065 3167 1096 3218 dr'

85 3258 142 3295 uuo
156 3247 221 3295 testo
234 3257 311 3310 preco
325 3241 475 3310 imperfetto
495 3257 545 3294 ora
559 3257 610 3309 per
625 3242 653 3294 tu
667 3241 761 3308 pruma
778 3238 852 3291 volta
870 3238 1005 3304 conforme
1022 3255 1040 3290 a
1056 3253 1096 3289 uu

85 3313 178 3367 codiee.
193 3312 265 3366 delta
282 3313 356 3366 Bibt.
376 3312 562 3366 Ambrosiauu
576 3311 743 3379 pubbltcatu.
782 3307 883 3361 Torino
904 3313 981 3361 1885.

158 3385 184 3451 2)
202 3383 275 3436 Usus
294 3400 356 3436 sum
374 3381 498 3436 editione
517 3381 698 3436 Fmsnnnmrr:
717 3380 819 3432 Paoonr
837 3378 976 3432 Drmocar
994 3377 1024 3430 in
1037 3377 1094 3446 pri-

85 3469 162 3508 mum
194 3453 322 3507 Eucmnrs
356 3453 557 3508 elementorum
592 3450 695 3504 librum
728 3449 927 3504 commentarii.
982 3448 1095 3518 Lipsiae

84 3524 122 3580 M.
137 3523 234 3579 Duce.
249 3525 369 3579 LXXIII.
