2408 3848
404 154 454 208 Al)
473 154 659 210 EUOLIDEM
676 154 742 210 LIB.
756 154 790 210 X.
1030 118 1095 218 253

85 323 273 400 quantitatis,
295 324 380 382 radix
403 323 431 381 ei
448 323 701 382 incommunicans
720 323 829 397 existit,
853 322 931 382 sicut
947 324 1096 382 ternarius
1116 347 1117 351 ¹

85 416 116 472 et
138 413 262 471 ternarii
284 412 376 471 radix.
422 413 582 471 Temarius
607 431 735 488 namque
759 414 789 470 et
810 412 935 470 ternarii
957 412 1043 470 radix
1064 412 1097 470 in

85 501 273 578 longitudine
310 505 380 560 sunt
415 501 712 576 incommunicantes,
749 501 893 578 quoniam
928 521 1020 559 unum
1052 504 1097 560 est

31 598 67 646 52
85 591 232 649 rationale
253 584 257 670 Ι
279 593 309 648 θὴ
331 591 459 649 alterum
482 593 527 649 est
549 591 682 649 surdum:
707 589 855 649 ternarius
878 591 980 666 itaque
1002 589 1097 648 radici

86 680 211 739 temerii
232 679 484 738 incommunicans
507 679 616 738 existit.
652 679 812 738 Ternarius
834 698 905 737 vero
923 679 956 736 in
973 679 1097 737 temerii
1125 690 1137 730 5

85 769 217 827 radicem
240 768 344 827 ductus
368 768 469 826 existit
491 768 605 844 surdus,
629 771 659 826 et
682 768 773 826 etiam
797 768 869 844 quia
892 768 998 827 surdus
1017 767 1097 826 cubi-

87 877 138 917 cus
166 857 274 916 existit.
324 857 451 933 Propter
477 857 533 916 hoo
560 875 630 934 ergo
658 857 804 932 sequitur,
827 860 861 916 ut
887 857 981 916 omnis
1005 877 1097 932 quan·

86 947 173 1019 titas,
205 966 264 1022 que
290 946 411 1020 ponitur
437 963 591 1021 numerus,
623 945 663 1004 sit
688 945 858 1021 rationalis,
888 946 966 1004 unde
997 965 1098 1005 omnes

88 1035 272 1111 quantitates
301 1034 329 1093 ei
356 1034 606 1094 communicantes
631 1037 719 1092 erunt
741 1034 916 1110 rationales,
944 1038 975 1094 et
997 1054 1098 1094 omnes

88 1124 273 1200 quantitates
292 1123 320 1182 ei
336 1121 620 1183 incommunicantes
635 1126 704 1181 sunt
717 1116 957 1201 <ir>rationales
990 1123 1139 1193 Quam-10

89 1213 189 1271 obrem
217 1212 400 1288 quantitates
429 1212 567 1271 dicuntur
589 1212 682 1270 dividi
705 1212 737 1270 in
759 1211 833 1271 duas
855 1212 966 1287 primas
989 1215 1099 1288 partes,

89 1320 217 1376 quarum
238 1320 300 1359 una
324 1304 369 1360 est
391 1301 599 1374 rationalis,
623 1320 680 1377 que
699 1302 744 1359 θεὴ
763 1319 807 1377 ea,
830 1301 913 1360 cuius
931 1302 1099 1361 numeratio

90 1409 223 1449 sermone
247 1391 436 1466 exprimitur,
463 1390 540 1449 sicut
560 1409 628 1448 eum
651 1389 775 1449 dicimus
798 1390 907 1465 decem,
931 1393 961 1448 et
982 1390 1100 1468 viginti,

90 1482 122 1537 et
143 1479 277 1556 triginta,
301 1481 331 1538 et
354 1499 410 1554 que
432 1479 479 1537 his
503 1481 572 1538 sunt
594 1479 716 1552 similia3
740 1479 836 1537 altera
854 1498 924 1539 vero
948 1471 1099 1561 surda¹),

91 1588 148 1644 que
167 1572 221 1642 est,
241 1588 298 1644 que
317 1567 415 1627 verbis
435 1568 560 1644 exprimi
578 1571 623 1627 est
640 1567 833 1643 impossibile,
852 1567 1100 1643 quemadmodum
1114 1580 1139 1620 1⁵

89 1676 278 1716 numerorum
299 1657 427 1732 radices,
450 1657 502 1733 qui
524 1676 584 1716 non
607 1660 676 1715 sunt
699 1656 854 1732 quadrati,
876 1659 912 1715 ut
935 1656 1047 1730 decem,
1071 1659 1102 1714 et

89 1747 206 1824 viginti,
230 1749 260 1805 et
279 1746 414 1824 triginta,
434 1749 464 1804 et
483 1746 690 1823 quadraginta,
709 1748 740 1804 et
758 1745 979 1821 superficierum
996 1745 1101 1820 latera,

91 1855 148 1910 que
171 1855 231 1894 non
254 1838 323 1893 sunt
345 1835 456 1911 cubica,
479 1835 531 1894 sed
550 1835 645 1894 solida
663 1835 846 1894 diversorum
864 1835 1002 1909 laterum,
1025 1834 1103 1893 sieut

91 1924 175 1991 illud,
199 1923 279 1998 quod
299 1923 335 1982 fit
357 1944 392 1982 ex
414 1924 530 1983 binario
553 1924 586 1981 in
606 1924 771 1982 ternarium
794 1927 824 1982 et
847 1944 882 1982 ex
904 1924 959 1982 hoc
978 1923 1010 1980 in
1028 1943 1100 2000 qua·

91 2012 265 2085 ternarium,
288 2013 369 2087 quod
391 2016 437 2071 est
458 2013 567 2089 viginti
590 2016 733 2089 quatuor,
758 2013 842 2072 cuius
864 2013 945 2071 latus
969 2015 1015 2072 θεὴ
1036 2031 1100 2071 sur·
1116 2026 1142 2065 20

94 2099 178 2173 dum,
205 2118 265 2158 non
292 2101 370 2158 enim
397 2119 530 2160 sermone
558 2101 743 2178 exprimitur,
775 2102 936 2161 secundum
963 2101 1044 2177 quod
1070 2101 1103 2159 in

93 2188 285 2262 sequentibus
308 2189 473 2262 ostendam3
498 2192 528 2248 et
550 2184 607 2265 que
625 2190 671 2248 his
690 2190 858 2267 similiatur,
881 2193 912 2249 et
930 2209 987 2266 que
1006 2189 1101 2248 exeis

95 2279 141 2334 θεὴ
163 2277 334 2352 composita,
358 2281 411 2337 aut
431 2277 526 2337 divisa
544 2278 581 2337 ab
600 2298 648 2353 ea,
672 2281 726 2337 aut
744 2279 908 2355 composita
926 2298 993 2337 eum
1010 2278 1102 2338 ratio·

94 2365 165 2440 nali,
189 2368 242 2424 aut
264 2365 359 2424 divisa
382 2386 401 2424 a
422 2366 574 2441 rationali,
596 2369 627 2426 et
649 2386 707 2442 que
729 2368 842 2426 fuerint
864 2368 910 2427 his
934 2367 1044 2426 similes
1069 2388 1103 2425 ex

94 2454 246 2530 speciebus
270 2455 422 2514 divisionis
446 2457 476 2513 et
499 2455 727 2531 compositionis.
1117 2468 1144 2509 rs

185 2542 298 2602 Surda
323 2563 394 2603 vero
422 2544 567 2604 dividitur
592 2545 624 2603 in
652 2545 725 2604 duas
748 2544 859 2619 primas
881 2547 994 2619 partes,
1021 2545 1102 2603 sim-

95 2632 224 2708 plicem
246 2633 384 2692 videlicet
407 2637 437 2693 et
459 2634 700 2710 compositam.

186 2720 344 2798 Simplex
358 2723 477 2798 quidem
492 2726 544 2798 est,
559 2743 616 2799 que
631 2721 806 2799 simpliciter
818 2721 915 2781 verbis
930 2722 1104 2797 exprimitur

96 2811 256 2869 secundum
279 2812 523 2886 compositionem
545 2813 584 2871 ad
601 2831 757 2870 numerum
774 2831 875 2885 unum,
895 2810 972 2869 sicut
990 2811 1104 2870 radices

97 2900 204 2973 solum,
225 2905 255 2958 et
272 2900 443 2959 nominatur
460 2901 654 2960 rationalis
673 2901 710 2959 in
727 2900 905 2976 potentia,
924 2899 1001 2959 sicut
1018 2899 1103 2958 radix
1117 2915 1143 2954 so

130 3048 133 3053 .
170 3082 194 3128 5.
213 3072 309 3128 existit
327 3071 415 3125 radix.
445 3103 480 3111 -
508 3075 549 3126 15.
573 3069 677 3142 verbis]
696 3053 803 3144 ffibss.
827 3101 862 3110 -
885 3075 928 3125 23.
952 3085 986 3124 ex
1005 3086 1045 3124 ea.
1071 3101 1104 3110 -

99 3145 292 3215 compositum.

172 3327 197 3391 1)
220 3321 296 3377 Nota
319 3319 508 3375 differentiam
530 3319 605 3373 inter
627 3318 700 3372 hano
724 3318 875 3373 secundam
892 3320 1003 3388 partem
1022 3316 1105 3371 huius

99 3393 166 3446 libri
190 3396 219 3447 et
240 3392 366 3462 primam.
403 3392 436 3445 ln
456 3390 548 3461 prima
565 3407 710 3458 nunquam
726 3405 817 3460 paene
835 3388 938 3443 dicitur
960 3388 1106 3443 irratio-

100 3464 191 3518 nalis
215 3463 358 3532 quantitas
382 3463 496 3530 surda3
519 3460 550 3515 in
568 3461 690 3516 secunda
707 3463 789 3531 parte
808 3464 902 3515 autern
920 3460 1036 3514 verbum
1060 3459 1105 3512 ir-

99 3534 286 3590 rationalis
305 3533 417 3590 omnino
435 3551 493 3589 non
510 3533 657 3588 invenitur.
