2408 3848
381 148 765 204 mascemutinas.
1005 136 1069 212 313
1148 107 1149 111 i

62 319 337 394 perpendicularem
363 321 416 394 ad,
445 322 475 376 et
497 318 658 393 producam
681 318 754 377 duas
777 318 872 377 lineas
892 319 938 376 cd
961 320 992 375 et
1015 318 1070 376 db:

64 408 128 467 dico
152 407 254 484 igitur,
277 407 358 483 quod
381 407 437 465 due
459 407 537 465 linee
560 409 604 466 od
622 409 652 466 et
670 409 711 466 dc
731 409 808 482 sunt,
832 406 908 465 sicat
925 405 1071 480 volumus

64 496 142 571 quod
170 496 211 554 sic
237 496 390 571 probatur.
445 494 521 564 Quia
549 495 628 553 enim
654 495 864 571 multiplicatio
893 496 936 554 ab
963 495 995 552 in
1023 513 1070 570 ar,

63 589 108 644 est
127 585 241 659 equalis
257 584 502 660 multiplicationi
521 586 564 643 cd
581 584 614 642 in
632 602 672 658 se,
695 585 854 643 secundum
873 583 954 659 quod
973 586 1070 643 osten-

63 693 128 733 sum
147 676 192 732 est
208 673 240 731 in
258 673 506 749 multiplicatione
521 672 766 747 antecedentium,
781 693 850 750 ergo
864 671 1070 747 multiplicabo
1098 683 1110 724 o

64 765 120 836 ab,
149 782 207 837 que
235 765 285 821 est.
308 765 449 838 quatuor,
476 761 508 819 in
532 779 583 837 cr,
611 781 668 837 que
692 765 737 821 est
759 762 817 821 duo
841 765 871 821 et
892 761 978 819 radix
1000 762 1071 820 duo-

63 872 143 924 rum,
167 851 246 926 quod
269 854 323 926 est,
345 853 380 909 ut
401 850 632 926 multiplicemus
656 854 784 926 quatuor
805 851 837 908 in
861 851 928 927 duo,
953 853 983 908 et
1005 869 1072 925 pro·

63 941 164 998 veniet
192 942 258 999 octo
286 960 321 998 ex
348 939 491 1014 numeris,
519 939 624 998 deinde
650 939 857 1015 multiplicabo
886 941 1014 1015 quatuor
1040 939 1072 996 in

66 1031 202 1104 quatuor,
226 1031 257 1086 et
278 1029 433 1105 proveniet
455 1028 600 1088 sexdecim
618 1047 654 1087 ex
671 1028 810 1101 numeris,
832 1028 937 1087 deinde
954 1029 986 1086 in
1005 1028 1072 1103 duc,

66 1120 96 1174 et
115 1117 181 1191 erit,
202 1118 282 1192 quod
299 1117 445 1193 provenit,
462 1117 590 1194 triginta
608 1117 680 1176 duo:
698 1117 755 1175 erit
773 1135 842 1193 ergo
861 1117 1072 1192 multiplicatio
1086 1130 1112 1170 1o

66 1207 110 1264 cd
132 1206 164 1263 in
187 1224 217 1264 se
241 1209 306 1265 octo
331 1210 361 1265 et
382 1206 467 1264 radix
484 1205 611 1282 triginta
629 1205 762 1264 duorum.
799 1204 984 1274 Quadratum
1002 1224 1072 1282 ergo

66 1297 109 1353 ccl
133 1298 178 1354 est
200 1298 266 1353 octo
290 1298 321 1353 e't
342 1295 427 1353 radix
449 1294 576 1371 triginta
598 1293 735 1354 duorum:
763 1313 833 1371 ergo
858 1294 938 1352 linea
961 1296 1005 1353 cd
1028 1298 1073 1353 est

66 1386 132 1441 octo
154 1385 184 1440 et
200 1383 286 1442 radix
304 1383 430 1461 triginta
448 1384 574 1441 duorum
590 1382 689 1441 radice
708 1386 837 1458 accepta.
879 1381 963 1452 Quod
982 1383 1073 1440 etiam
1145 1439 1146 1442 ,

64 1472 274 1548 multiplicatio
302 1474 344 1531 cb
371 1472 402 1530 in
431 1473 468 1531 ba
496 1473 542 1530 est
569 1471 683 1547 equalis
710 1471 955 1547 multiplicationi
978 1472 1019 1530 bd
1041 1472 1073 1528 in

64 1579 107 1619 se:
132 1562 188 1619 erit
211 1580 280 1639 ergo
302 1563 344 1620 bd
361 1561 393 1618 in
412 1579 443 1619 se
462 1563 528 1620 octo
547 1560 658 1637 absque
676 1561 774 1619 radice
793 1560 919 1637 triginta
938 1559 1071 1618 duorum.
1086 1572 1111 1613 15

64 1649 148 1718 Quod
176 1651 266 1709 etiem
289 1651 331 1709 ab
354 1653 453 1726 potest
476 1668 567 1725 supra
590 1651 630 1724 tp
653 1649 814 1708 secundum
838 1643 1073 1726 (augmentum)

66 1739 218 1814 quadrati,
241 1739 324 1799 cuius
347 1740 427 1799 latus
451 1741 492 1798 cb
514 1738 547 1796 in
568 1738 754 1816 longitudine
777 1738 1020 1810 incommunicat‚
1043 1739 1074 1795 et

66 1831 174 1902 quarta
203 1828 342 1903 quadrati
370 1831 408 1902 tp
432 1832 477 1887 est
498 1823 655 1905 (equalis)
679 1845 719 1887 or
741 1827 773 1884 in
794 1829 845 1887 ab:
874 1845 944 1904 ergo
968 1844 1007 1885 aa
1028 1825 1076 1882 ina

64 1917 261 1974 communicat
287 1918 325 1976 ab
352 1916 384 1974 in
410 1916 606 1994 longitudine.
655 1915 813 1992 Proportio
841 1919 941 1974 autem
969 1933 1008 1974 cr
1036 1914 1074 1972 ad

63 2006 102 2062 eb
135 2008 180 2062 est
212 2005 289 2063 sicut
319 2005 472 2081 proportio
505 2005 644 2080 quadrati
676 2007 720 2064 cd
751 2004 790 2062 ad
818 2005 996 2080 quadratum
1023 2005 1074 2076 ab,
1088 2018 1114 2057 ao

65 2094 187 2166 propter
201 2091 426 2150 similitudinem
436 2093 562 2152 duorum
575 2093 805 2170 triangulorum:
820 2113 890 2170 ergo
902 2093 1074 2169 qradratum

67 2181 111 2237 od
135 2183 180 2238 est
203 2180 367 2239 seiunctum
391 2176 537 2256 quadrato
560 2183 610 2240 db.
657 2181 841 2250 Quadratum
864 2182 956 2240 etiam
974 2183 1011 2240 be
1030 2183 1075 2240 est

68 2269 174 2342 equale
198 2269 343 2344 quadrato
367 2270 420 2329 dr:
444 2287 514 2345 ergo
537 2270 575 2328 bc
598 2271 642 2327 est
665 2270 780 2346 equalis
799 2272 852 2344 da,
875 2273 906 2328 et
924 2270 1015 2328 etiam
1033 2271 1074 2328 ob

66 2360 96 2414 ct
124 2358 164 2430 tp
196 2357 227 2414 in
258 2357 393 2434 potentia
424 2359 542 2417 tantum
572 2360 641 2416 sunt
669 2357 829 2416 rationales
858 2361 888 2416 et
915 2358 1074 2418 communi-

66 2448 176 2520 cantes,
200 2450 229 2505 et
253 2448 290 2506 be
313 2450 357 2507 est
379 2447 523 2506 medietas
546 2447 599 2520 tp,
622 2464 692 2523 ergo
715 2447 756 2504 ab
779 2449 810 2505 et
832 2449 868 2506 bc
890 2447 919 2506 in
940 2447 1115 2523 potentiam

66 2537 185 2593 tantum
208 2539 277 2595 sunt
299 2536 461 2595 rationales
485 2538 515 2594 et
533 2534 794 2595 communicantes:
818 2554 888 2613 ergo
907 2536 1075 2615 superficies

67 2626 108 2682 cb
136 2624 167 2681 in
196 2626 232 2683 bc
255 2621 302 2684 est
322 2624 466 2683 medietas
488 2623 632 2682 medialis.
681 2622 739 2682 Sed
762 2625 799 2682 be
822 2627 867 2684 est
889 2625 1004 2702 equalis
1027 2627 1075 2701 da,

67 2731 137 2789 ergo
163 2713 331 2788 superficies
355 2715 397 2772 ob
420 2713 452 2771 in
474 2714 514 2772 dc
536 2716 581 2771 est
598 2711 743 2787 medialis,
766 2715 796 2772 et
813 2712 880 2789 ipsa
898 2716 943 2773 est
962 2715 1074 2790 equalis
1106 2755 1108 2758 -

65 2801 232 2876 superficiei
263 2804 307 2862 cd
338 2802 370 2860 in
400 2803 454 2875 do3
485 2803 515 2859 et
543 2800 634 2860 etiam
663 2803 703 2860 ab
732 2804 777 2862 cst
803 2802 972 2879 rationalis,
1005 2823 1075 2880 ergo

67 2890 247 2964 quadratum
280 2891 342 2950 eius
375 2893 421 2949 est
450 2890 605 2949 rationale.
656 2889 714 2949 Sed
746 2890 925 2966 quadratum
957 2893 998 2951 ab
1031 2895 1116 2952 osteo

66 2980 173 3054 equale
207 2979 319 3039 duobus
352 2979 506 3055 quadratis
538 2980 595 3055 cd»,
627 2981 669 3038 db
701 2979 877 3040 coniunctis:
915 2999 984 3058 ergo
1017 2981 1074 3039 duo

65 3068 212 3142 quadrata
240 3071 295 3144 cd,
319 3070 360 3128 db
389 3068 546 3126 coniuncta
573 3071 643 3126 sunt
669 3068 823 3128 rationale.
870 3069 951 3146 Erga
974 3071 1018 3128 od
1034 3073 1075 3128 ¹et

64 3158 106 3214 db
143 3157 174 3214 in
205 3158 340 3233 potentia
372 3151 482 3236 <sunt>
513 3156 795 3217 incommunicantes
828 3161 857 3216 et
889 3158 1073 3218 continentes

137 3384 161 3431 5.
184 3379 393 3450 multiplicatio.
421 3410 456 3418 —
485 3385 605 3433 11-13.
634 3379 722 3434 Verbo
746 3379 1003 3446 Quadratum
1028 3396 1073 3434 ac-

62 3451 203 3586 1⁰13&ss
215 3451 330 3520 Mecpto.
344 3456 407 3520 poet
423 3468 450 3519 p.
462 3454 514 3504 314
529 3451 607 3505 aaa
621 3452 715 3520 posita
732 3457 803 3506 suot.
820 3484 852 3491 -
874 3456 915 3505 18.
935 3451 1084 3516 quadrata
