2408 3848
108 153 152 218 54
395 152 560 206 ANARITII
577 150 833 206 COMMENTARII

109 327 154 382 est
164 321 278 397 equalis
288 322 356 380 elad.
375 321 416 379 Et
425 320 497 396 quia
510 319 678 397 triangulus
688 321 751 379 rdb
765 323 811 378 est
824 319 951 378 duorum
964 320 1126 396 equalium

109 413 245 484 laterum,
264 429 334 488 ergo
353 409 512 467 secundum
525 409 731 484 probationem
743 408 837 486 figure
852 409 957 485 quinte
970 405 1125 489 angulus>

109 501 172 560 aaa
208 502 253 557 est
289 499 403 574 equalis
440 499 550 574 angulo
580 499 652 557 abd.
707 496 765 556 Sed
797 517 864 557 oum
895 498 932 555 de
964 498 1124 575 equalibus

110 589 228 665 equalia
251 587 417 660 demuntur,
440 606 496 661 que
519 586 730 662 relinquuntur
753 589 823 646 sunt
840 588 973 662 equalia3
995 591 1124 647 renanet

84 689 180 754 bergo
203 677 332 754 angulus
355 677 415 734 eda
437 676 547 751 angulo
571 677 629 735 ebe
651 675 777 750 equalis3
806 678 837 734 et
858 676 936 734 illud
958 679 1016 751 est,
1040 677 1124 753 quod

109 768 310 825 demonstrare
340 764 495 823 voluimus.
545 764 655 840 Figura
681 768 784 822 tamen
810 765 867 823 iste
894 764 1124 840 probationibus

110 874 169 914 non
205 859 276 913 sunt
306 853 482 927 necessarie,
519 854 660 929 quoniam
691 873 758 912 oum
788 852 869 912 basis
901 857 1125 930 superponatur

109 943 187 1019 basi,
214 963 275 1002 non
302 942 393 1001 scitur
420 941 568 1001 certitudo
595 942 721 1000 duorum
748 944 925 1019 angulorum
952 962 985 1020 a,
1013 944 1046 1016 ἀ,
1077 940 1126 1019 [et

109 1033 185 1092 illud
207 1035 265 1109 est,
289 1031 369 1107 quod
392 1030 593 1089 demonstrare
616 1029 787 1107 voluimus}

71 1133 98 1171 1⁰
198 1120 347 1179 Additio
370 1119 455 1178 noni
476 1112 751 1198 theorematis.1)

199 1209 232 1268 Si
259 1209 325 1286 quis
353 1199 505 1290 diseuff),
535 1209 615 1284 quod
641 1208 812 1286 triangulus
840 1209 1036 1284 squilaterus,
1069 1209 1126 1285 qui

110 1299 145 1358 fis
170 1317 258 1374 snper
284 1298 393 1356 lineam
421 1297 566 1374 tiianguli
593 1299 669 1366 aed,
697 1317 754 1374 que
783 1301 828 1356 est
855 1298 935 1356 linea
959 1299 1011 1364 ed,
1040 1298 1126 1357 eadit

110 1407 200 1464 super
225 1387 335 1445 lineam
358 1388 399 1446 ab
427 1386 466 1445 ad
493 1386 770 1456 similitudinem,
798 1386 855 1446 erit
882 1405 952 1464 ergo
978 1387 1058 1446 latus
1082 1388 1126 1448 de

111 1476 224 1553 equalis
260 1475 418 1552 unicuique
451 1475 578 1534 duarum
608 1475 756 1533 linearum
787 1477 836 1542 dr,

73 1576 153 1625 1511.
199 1565 240 1624 nt
263 1565 333 1641 quia
356 1564 525 1640 triangulus
550 1565 614 1623 ade
641 1567 686 1622 est
711 1564 837 1622 duorum

111 1654 262 1732 equalium
289 1655 431 1726 laterum,
458 1671 528 1729 ergo
552 1672 587 1710 ex
613 1671 660 1727 eo,
688 1653 770 1727 quod
793 1657 837 1711 est

111 1744 303 1802 manifestum
335 1762 369 1799 ex
397 1740 573 1816 probatione
600 1741 695 1818 figure
723 1741 836 1817 quinte,

111 1833 240 1909 angulus
259 1832 320 1904 dep
339 1833 384 1887 est
403 1829 519 1904 equalis
538 1830 649 1906 angulo
669 1831 742 1898 edb,
766 1831 837 1906 quia

110 1921 169 1995 ipsi
196 1923 265 1978 sunt
293 1918 408 1994 anguli,
437 1918 489 1993 qui
517 1920 587 1976 sunt
614 1918 668 1977 sub
696 1918 773 1994 basi,
807 1922 837 1978 et

71 2021 97 2060 ao
111 2009 214 2081 etiam,
247 2007 319 2082 quia
349 2006 519 2083 triangulus
547 2008 606 2067 dre
637 2010 683 2066 est
710 2007 837 2066 duorum

112 2096 263 2172 equalium
285 2097 426 2170 laterum,
450 2115 520 2172 ergo
544 2116 579 2153 ex
602 2116 649 2172 eo,
673 2096 752 2171 quod
769 2115 837 2172 pro·
880 2128 911 2181 9

112 2185 199 2245 cessit
224 2205 258 2244 ex
286 2184 461 2260 probatione
484 2185 578 2262 figure
602 2185 718 2261 quinte,
746 2185 835 2243 etiam
1100 2194 1122 2247 b

112 2278 200 2333 erunt
241 2274 360 2351 anguli,
401 2274 454 2349 qui
496 2277 567 2332 sunt
607 2293 698 2350 supra
733 2273 837 2350 basim,

111 2364 239 2440 equales.
279 2363 359 2440 Ergo
381 2363 509 2440 angulus
527 2363 587 2422 ade
606 2365 651 2421 est
669 2363 783 2438 equalis
803 2363 913 2440 angulo
932 2363 1001 2430 aad,
1025 2361 1128 2422 maior

72 2462 97 2503 26
111 2452 248 2511 videlieet
266 2452 380 2527 minori,
399 2451 480 2528 quod
499 2454 544 2509 est
563 2452 745 2511 eontrarium
764 2455 794 2511 et
808 2450 998 2528 impossibile.
1037 2449 1127 2519 Quod

111 2541 136 2599 si
168 2541 286 2616 dixerit,
319 2540 398 2616 quod
425 2539 577 2618 egreditur
603 2541 694 2598 aliam
722 2542 799 2610 orb,
832 2541 889 2599 erit
916 2539 1129 2616 magisterium

112 2629 173 2689 eius
196 2622 352 2706 turpius.³)
395 2630 436 2688 Et
458 2629 535 2687 illud
557 2632 610 2704 est,
634 2629 714 2705 quod
738 2629 939 2688 demonstrare
963 2629 1126 2690 voluimus.

199 2719 284 2793 Hoo,
326 2719 419 2794 quod
455 2718 620 2792 sequitur
655 2719 773 2778 Yuiuos
810 2737 895 2777 vero
932 2717 1129 2780 undecimo

112 2800 359 2885 theoremati4)
385 2806 534 2866 addidit.

117 2929 329 2938 .—--————

1004 1557 1027 1592 (l

183 2999 224 3049 28.
244 2993 361 3066 Yrinus]
381 2994 457 3048 ann⁹.

184 3175 210 3242 1)
229 3172 364 3226 Eucumas
383 3172 404 3241 Ι,
423 3177 451 3225 9:
476 3171 583 3226 Datum
601 3171 733 3241 eupolum
747 3187 798 3240 per
816 3172 926 3241 aqualia
943 3186 1040 3226 serare.

183 3242 1022 3315 2)Ρ111111213,111(1.-3)Α1111Ρ10111112741011.
1039 3241 1131 3298 etiam

114 3314 252 3371 nundus
272 3331 353 3368 casus
372 3286 586 3368 deaiionstratur.

98 3430 101 3437 .
183 3387 211 3455 t)
229 3384 400 3453 Euoumusl,
416 3390 461 3437 11.
484 3384 564 3439 Data
582 3385 655 3440 draeo
673 3391 745 3439 recto
764 3402 782 3438 a
796 3386 930 3454 maneto
918 3402 950 3438 aa
968 3401 1000 3439 ea
1018 3386 1131 3456 signato

96 3384 521 3616 wimmfflqlsere
543 3457 648 3511 duobos
670 3456 779 3525 quidem
801 3457 913 3528 aepulis
935 3456 1078 3526 equalibus
1096 3476 1132 3515 oe

434 3543 510 3582 11111
