2408 3848
122 145 186 210 238
409 146 575 204 ANARITH
593 144 849 201 COMMENTARH

121 315 199 374 sicut
225 316 378 391 proportio
408 314 549 390 quadrati
573 315 647 373 facti
670 335 705 372 ex
727 316 765 373 tt
787 315 825 373 ad
848 314 1028 390 quadratum
1051 316 1075 389 l,
1107 319 1141 374 et

120 407 156 462 ut
178 405 330 480 proportio
354 404 470 462 numeri
492 404 510 460 lc
533 404 746 462 adnumerum
765 422 807 477 cp
825 404 865 463 sit
884 405 960 462 sicut
977 405 1139 479 proportio

121 492 261 567 quadrati
280 495 290 550 l
308 492 346 550 ad
365 492 546 568 quadratum
565 497 621 551 tm:
641 511 711 570 ergo
730 493 893 552 secundum
909 493 1138 568 proportionem

120 581 293 656 equalitatis
321 581 378 639 erit
404 582 557 657 proportio
586 583 627 640 ab
651 582 689 640 ad
713 601 755 656 op
780 582 857 640 sicut
879 580 1137 657 proportio'qua-

93 670 198 728 sorau
229 672 265 728 bt
291 670 330 728 ad
357 670 536 745 quadratum
564 675 621 745 lm,
650 690 720 748 ergo
747 672 782 729 bt
809 674 839 729 et
866 675 910 730 tm
937 672 968 728 in
995 672 1139 746 potentia

119 762 237 817 tantum
260 761 330 817 sunt
352 760 610 818 communicantes.
656 761 697 818 Et
719 762 841 835 propter
863 760 930 835 hoc,
959 759 1041 834 quod
1063 779 1137 835 pro-

118 848 217 923 portio
242 848 381 923 quadrati
401 850 436 906 bt
454 848 493 906 ad
511 849 691 924 quadratum
709 851 719 906 l
736 849 892 907 rationalis
911 868 970 907 non
990 851 1035 906 est
1054 849 1137 908 sicut

118 937 272 1012 proportio
300 938 414 996 numeri
443 937 583 1014 quadrati
611 938 649 994 ad
676 957 831 995 numemm
854 937 1049 1013 quadratum,
1074 939 1136 996 erit

117 1026 152 1083 bt
177 1026 428 1085 incommunicans
451 1028 462 1084 l
488 1027 520 1084 in
542 1022 729 1102 longitudine
753 1030 783 1085 et
805 1025 1024 1085 communicans
1049 1026 1076 1084 ei
1101 1028 1135 1085 in

79 1125 104 1164 1⁰
117 1116 266 1190 potentia:
290 1134 360 1192 ergo
383 1117 418 1174 bt
440 1119 485 1174 cst
506 1115 662 1174 rationalis
681 1116 712 1172 in
730 1117 867 1191 potentia
886 1117 916 1174 et
933 1115 1136 1173 incommuni-

118 1222 187 1262 cans
209 1204 352 1263 rationali
373 1200 426 1282 <l>
448 1205 480 1262 in
502 1204 697 1281 longitudine.
736 1205 777 1262 nt
799 1204 936 1263 similiter
955 1204 1135 1279 ostenditur,

117 1293 198 1368 quod
221 1298 265 1352 tm
287 1297 332 1352 est
356 1294 490 1352 seiuncta
512 1295 523 1352 l
544 1293 687 1352 rationali
708 1293 740 1350 in
762 1293 963 1370 longitudine,
992 1295 1021 1351 et
1050 1294 1135 1368 quod

116 1381 183 1457 ipsa
206 1387 251 1441 est
273 1382 429 1441 rationalis
453 1383 484 1453 in
507 1383 650 1458 potentia.
686 1382 752 1440 Due
776 1401 845 1459 ergo
869 1383 946 1440 linae
969 1383 1011 1456 bl,
1034 1386 1080 1440 lm
1099 1383 1134 1440 in

116 1472 253 1546 potentia
279 1473 398 1529 tantum
421 1474 491 1530 suut
512 1471 673 1529 rationales
697 1474 727 1529 et
749 1471 1009 1530 communicantes.
1056 1471 1133 1530 Post

76 1570 101 1610 1⁵
117 1561 171 1619 hoc
194 1579 304 1636 ponam
326 1563 366 1619 de
388 1561 525 1636 equalem
546 1561 592 1635 bt,
616 1578 707 1635 supra
731 1578 821 1635 quam
844 1560 1023 1619 constituam
1043 1560 1132 1618 semi-

117 1649 259 1708 circulum
282 1651 355 1723 dcc,
379 1652 409 1707 et
431 1649 593 1724 producam
612 1651 652 1708 dr
675 1649 808 1723 equalem
830 1653 886 1725 tm,
906 1651 936 1707 et
954 1649 1133 1724 protraham

114 1757 163 1798 ze:
187 1757 256 1815 ergo
279 1738 432 1813 proportio
455 1737 595 1812 quadrati
615 1737 711 1795 dead
731 1737 910 1813 quadratum
929 1739 969 1797 dc
987 1741 1032 1796 cst
1051 1739 1132 1796 sicut

114 1827 269 1903 proportio
293 1828 334 1885 cb
358 1826 396 1884 ad
418 1844 467 1899 oy.
515 1825 573 1882 Sed
596 1825 775 1900 quadratum
798 1829 838 1885 dc
861 1831 906 1885 est
930 1827 1034 1902 equale
1057 1827 1132 1885 duo-

114 1916 170 1975 bus
199 1915 352 1991 quadratis
380 1916 420 1974 da
447 1916 478 1972 et
504 1931 552 1973 re:
580 1933 650 1990 ergo
679 1933 745 1973 cum
773 1914 958 1974 diviserimus
980 1908 983 1996 l
1005 1918 1036 1973 et
1059 1934 1129 1975 con·
1150 1924 1173 1972 4·

74 2017 101 2056 ²⁰
114 2004 289 2064 verterimus
309 2005 339 2062 et
357 2003 617 2078 composuerimus
639 2003 696 2062 erit
713 2005 866 2079 proportio
885 2000 1070 2082 <quadrati>
1090 2007 1131 2064 dc

114 2094 153 2152 ad
176 2092 358 2169 quadratum
381 2110 415 2152 ca
437 2091 514 2150 sicut
536 2093 689 2168 proportio
712 2093 830 2151 numeri
851 2095 893 2152 cb
912 2094 1131 2152 adnumerum

115 2185 162 2256 by.
201 2181 259 2240 Sed
273 2181 398 2258 quisque
414 2199 516 2239 eorum
531 2185 576 2239 est
590 2181 765 2256 quadratus,
783 2201 853 2258 ergo
870 2184 909 2240 dc
928 2183 1132 2241 communicat

115 2290 150 2331 ea
171 2271 203 2328 in
226 2270 423 2347 longitudine,
448 2289 517 2347 ergo
536 2272 576 2328 de
594 2273 694 2346 potest
712 2289 803 2346 supra
820 2272 862 2330 ad
880 2290 947 2329 cum
965 2276 1129 2348 augmento

115 2360 255 2436 quadrati
277 2360 355 2418 linee
379 2359 622 2418 communicantis
645 2359 702 2417 sibi
725 2355 778 2436 <in
803 2357 1021 2437 longitudine).
1069 2359 1130 2419 Sed

74 2460 100 2500 2⁶
114 2451 154 2508 dc
182 2452 226 2508 est
254 2449 369 2525 equalis
391 2451 438 2522 bt,
467 2452 497 2507 et
519 2449 560 2508 cla
583 2451 628 2506 est
651 2448 766 2524 equalis
789 2453 845 2507 tm:
874 2468 943 2526 ergo
968 2449 1025 2506 due
1048 2448 1129 2508 linee

112 2540 148 2596 bt
170 2541 200 2597 et
223 2543 267 2596 lm
289 2539 321 2597 in
343 2536 478 2614 potentia
500 2540 619 2596 tantum
642 2540 712 2596 sunt
733 2538 896 2597 rationales
915 2541 946 2596 et
964 2539 1129 2597 communi-

64 2642 67 2648 '
114 2630 227 2703 caniac,
256 2631 286 2686 et
314 2646 429 2703 queque
456 2625 578 2683 illarum
605 2628 650 2684 est
674 2627 806 2685 seiuncta
829 2626 907 2684 linea
929 2627 1070 2686 rationali
1095 2628 1129 2686 in

112 2716 312 2794 longitudine,
354 2719 384 2772 et
425 2715 543 2790 longior
587 2717 687 2789 potest
727 2733 818 2790 supra
854 2715 1020 2774 breviorem
1057 2735 1129 2775 cum

113 2807 272 2881 augmento
305 2803 445 2879 quadrati
474 2803 551 2860 linee
588 2804 832 2863 communicantis
864 2803 933 2863 sibi:
970 2823 1040 2881 ergo
1072 2806 1129 2863 bm

71 2897 158 2953 coest
189 2892 353 2952 binomium
379 2892 519 2966 tercium3
552 2895 582 2950 et
612 2892 691 2950 illud
722 2896 779 2969 cst,
812 2894 892 2970 quod
923 2893 1128 2953 demonstrare

111 2982 267 3042 voluimus.

200 3071 336 3147 Figura
359 3070 401 3128 ad
423 3070 680 3131 inveniendum
701 3071 897 3132 binomium
916 3065 1126 3153 quartum.¹)

113 3158 319 3234 Ostendam,
339 3159 499 3234 qualiter
511 3159 709 3218 binomium
723 3164 891 3236 quartum
904 3160 1125 3220 inveniatur.

184 3317 225 3366 17.
245 3312 288 3366 ak.
311 3343 344 3350 —
365 3317 405 3364 29.
427 3310 494 3382 sibi]
513 3309 637 3365 secundi.

183 3456 209 3523 1)
237 3453 373 3507 Eucnmns
398 3452 434 3520 X,
454 3457 489 3506 48
517 3453 669 3523 (Cumanus
688 3453 725 3521 X,
745 3458 792 3520 453
819 3453 987 3507 Hammonis
1006 3453 1043 3521 X,
1063 3457 1123 3525 51):

111 3526 271 3580 Biuomiam
290 3530 418 3594 quartum
436 3527 561 3579 sociari.
