2408 3848
21 194 25 208 i
109 160 173 224 336
396 160 561 214 ANARITII
580 158 837 214 COMMENTARII

109 330 177 386 dam
202 331 301 386 autem
324 331 422 404 ipsum
445 347 498 403 per
520 330 573 401 dc,
600 329 679 403 quod
703 333 747 387 est
772 332 804 404 9,
832 331 979 404 provenit
1003 349 1079 409 ergo
1102 351 1134 390 er

110 417 255 476 divisione
280 419 312 474 5:
337 437 406 494 ergo
431 416 515 474 radix
540 418 557 474 5
583 420 628 474 est
650 417 730 476 linea
751 419 806 491 pb:
831 418 897 478 dico
918 419 1032 496 igitur,
1056 421 1132 496 quod

109 509 149 566 bb
172 509 217 564 est
239 507 404 565 binomium
426 506 564 580 primum,
587 507 666 581 quod
689 508 731 565 sic
753 504 906 581 probatur.
953 507 1036 578 Quia
1057 511 1131 567 enirn

109 595 263 671 proportio
291 597 331 653 cle
358 595 396 652 ad
424 613 458 654 cr
485 613 544 652 non
568 599 613 653 est
636 597 714 654 siout
735 597 889 671 proportio
912 600 1040 656 numeri
1065 618 1131 674 qua·

83 685 189 743 sdrati
217 685 255 743 ad
282 703 437 741 numerum
466 684 657 758 quadratum,
685 687 716 743 ct
741 685 895 759 proportio
924 686 1076 760 quadrati
1098 691 1133 762 bu

110 775 148 831 ad
172 773 351 848 quadratum
371 774 414 846 pb
436 792 495 831 non
519 775 564 831 θεὴ
583 774 660 832 sicut
677 774 831 849 proportio
849 775 971 832 numeri
991 777 1132 851 quadrati

111 863 148 921 ad
171 881 326 920 numerum
348 861 540 937 quadratum:
565 881 634 938 ergo
658 864 698 936 bp
720 863 887 939 seiungitur
907 865 954 936 pb
978 865 1012 922 in
1038 866 1131 944 longi·
1173 884 1175 931 :

109 951 227 1025 tudine,
255 951 304 1009 sed
332 953 530 1010 communicat
553 952 580 1008 ei
603 952 634 1007 in
657 952 801 1027 potentia.
847 951 927 1028 Ergo
955 954 1012 1028 by,
1036 957 1131 1028 phin

109 1041 245 1116 potentia
263 1043 381 1098 tanturn
400 1043 470 1098 sunt
485 1040 646 1098 rationales
662 1043 691 1098 et
705 1039 968 1116 communicantes,
987 1043 1021 1100 in
1038 1044 1131 1122 longi-

71 1147 96 1184 ro
110 1129 213 1186 tudine
231 1148 301 1187 vero
320 1128 617 1187 incommunicantes:
641 1148 711 1205 ergo
731 1130 770 1187 bb
789 1131 835 1186 θεὴ
852 1128 1032 1190 binomium.
1079 1132 1132 1192 Sed

109 1219 264 1293 proportio
295 1221 335 1277 cle
367 1218 405 1276 ad
433 1236 467 1277 er
495 1220 540 1275 est
567 1219 644 1275 sicut
670 1218 823 1293 proportio
851 1217 996 1293 quadrati
1027 1223 1071 1296 by
1098 1223 1132 1280 ad

110 1306 290 1381 quadratum
311 1308 362 1382 ph,
386 1308 477 1366 etde
500 1305 584 1364 addit
606 1325 698 1382 supra
719 1325 767 1366 rc:
791 1325 861 1385 ergo
884 1307 1078 1382 quadratum
1097 1313 1132 1386 bp

111 1395 194 1454 addit
226 1415 317 1471 supra
350 1395 531 1471 quadratum
561 1396 612 1468 pb.
663 1394 710 1454 Sit
741 1415 811 1472 ergo
839 1401 1043 1473 augmentum
1073 1401 1132 1459 eius

110 1504 199 1561 super
225 1487 324 1560 ipsum
347 1485 526 1560 quadratum
548 1485 625 1542 linee
649 1489 672 1559 t,
700 1485 780 1560 quod
803 1487 848 1542 θεὴ
871 1487 905 1560 4,
933 1488 1022 1546 cuius
1048 1490 1132 1549 radix

71 1588 96 1627 15
112 1577 157 1633 θεὴ
182 1576 209 1632 2.
254 1573 328 1632 Cum
351 1593 421 1651 ergo
445 1573 677 1631 converterimus
699 1574 731 1631 in
753 1574 955 1649 proportione,
981 1577 1043 1635 erit
1068 1598 1133 1654 pro·

110 1663 208 1738 portio
231 1665 269 1721 ed
288 1663 326 1720 ad
344 1664 385 1721 dr
403 1663 480 1721 sicut
497 1663 651 1737 proportio
670 1662 810 1738 quadrati
829 1663 868 1735 bg
887 1662 925 1720 ad
944 1667 1134 1738 quadratum

110 1757 127 1810 t.
174 1751 331 1826 Proportio
355 1754 456 1808 autem
480 1753 519 1809 ed
542 1751 581 1808 ad
603 1752 643 1810 dr
666 1754 711 1809 est
734 1752 811 1810 sicut
833 1753 992 1828 proportio
1012 1759 1135 1816 numeri

110 1840 249 1916 quadrati
272 1840 310 1896 ad
332 1858 490 1896 numerum
508 1839 697 1913 quadratum,
721 1858 790 1917 ergo
809 1841 963 1916 proportio
985 1846 1135 1919 quadrati

111 1931 150 2001 by
178 1928 216 1985 ad
244 1928 423 2002 quadratum
451 1932 462 1984 t
488 1931 533 1986 est
560 1929 637 1987 sicut
663 1929 817 2005 proportio
844 1930 960 1988 numeri
985 1936 1136 2008 quadrati

72 2033 98 2070 ro
113 2016 151 2074 ad
173 2036 329 2073 numerum
352 2015 539 2092 quadratum,
565 2037 635 2095 ergo
659 2020 699 2091 by
722 2018 919 2077 communicat
942 2023 954 2076 t
976 2021 1011 2078 in
1033 2023 1135 2102 longi·

109 2105 222 2179 tudine,
249 2108 278 2163 et
301 2107 340 2179 by
362 2108 462 2181 potest
485 2125 576 2182 supra
597 2109 640 2180 pb
663 2125 729 2165 curn
753 2110 912 2184 augmento
937 2111 1089 2182 quadrati
1114 2119 1136 2172 t:

111 2213 181 2271 ergo
210 2197 249 2268 tp
276 2197 375 2270 potest
405 2214 495 2270 supra
520 2197 563 2270 pb
591 2215 657 2254 oum
685 2199 846 2272 augmento
873 2196 1017 2271 quadrati
1041 2201 1135 2276 linae,

109 2284 198 2341 lateri
226 2285 309 2342 cuius
337 2285 535 2343 communicat
563 2285 603 2358 bp
629 2286 660 2341 in
688 2285 888 2362 longitudinm
916 2280 991 2363 <θὴ>
1019 2289 1062 2363 bp
1089 2296 1135 2352 est

110 2374 227 2449 longior
250 2375 350 2447 sectio,
373 2377 403 2432 θὴ
426 2374 608 2448 superfluum
632 2374 771 2448 quadrati
790 2373 931 2450 longioris
950 2392 1046 2450 super
1066 2379 1134 2439 bre·

71 2474 96 2514 as
110 2454 222 2520 viorern
251 2466 296 2520 θεὴ
323 2465 357 2537 4,
388 2462 469 2520 ouius
499 2463 584 2520 radix
612 2465 656 2520 est
685 2464 718 2536 2,
746 2483 802 2538 que
831 2465 877 2520 est
903 2469 1134 2529 communicans

110 2550 187 2607 linee
210 2552 352 2609 rationali
375 2551 444 2610 date
467 2552 498 2608 in
521 2551 720 2627 longitudine:
744 2570 813 2628 ergo
836 2553 876 2609 bb
894 2555 939 2609 θεὴ
957 2551 1134 2616 binomium

109 2639 251 2714 primum3
280 2643 310 2698 et
332 2640 408 2697 illud
431 2643 484 2717 θεὴ,
508 2640 589 2714 quod
612 2640 813 2698 demonstrare
835 2640 991 2700 voluimus.

198 2729 400 2786 Binomium
423 2729 614 2786 secundum
637 2729 808 2786 invenire.

198 2816 312 2876 Ponam
339 2820 441 2893 itaque
469 2817 578 2876 lineam
605 2818 794 2892 rationalem,
827 2820 857 2876 et
884 2819 909 2876 si
936 2824 1133 2892 posuerimus

70 2919 96 2958 eo
111 2905 184 2963 duas
215 2907 323 2982 lineas,
355 2907 515 2966 secundum
548 2907 627 2982 quod
653 2907 724 2965 fecit
751 2907 923 2982 Euomnns,
956 2913 1038 2969 esset
1066 2932 1133 2972 una

111 3014 212 3052 earum
235 3014 255 3053 u
277 2999 307 3053 et
330 2997 426 3054 altera
448 2997 527 3054 linea
551 2998 602 3069 b93
631 2998 660 3054 et
682 3014 792 3071 ponam
816 2997 868 3070 bp,
891 2999 1040 3072 quantam
1065 3004 1132 3062 vol-

109 3103 180 3142 uero
210 3104 244 3141 ex
271 3087 415 3161 numeris,
443 3087 540 3160 sitque
570 3086 587 3142 5
617 3105 652 3143 ex
674 3085 819 3160 numeria,
847 3087 877 3144 et
900 3085 1026 3162 signabo
1053 3090 1132 3151 duos

110 3191 247 3231 numeros
270 3168 331 3250 <dc
354 3178 384 3233 et
407 3170 466 3253 dr>
488 3175 612 3249 primos,
636 3193 692 3249 que
716 3174 776 3231 sint
801 3178 817 3233 9
843 3176 873 3231 et
896 3175 925 3248 4,
949 3177 980 3233 et
1002 3195 1132 3256 ponam,

110 3265 146 3320 ut
169 3263 209 3321 sit
230 3265 383 3338 proportio
407 3265 446 3322 dc
469 3263 507 3320 ad
531 3281 565 3322 cr
587 3263 663 3321 sieut
685 3264 838 3338 proportio
863 3262 1004 3338 quadrati
1025 3267 1070 3326 bb
1090 3271 1133 3328 ad

70 3363 96 3402 ³5
111 3351 290 3426 quadratum
317 3353 368 3427 bp,
401 3352 479 3428 quod
507 3354 565 3426 θεὴ,
597 3354 631 3408 ut
656 3351 853 3426 multiplicem
882 3352 937 3425 25,
970 3356 1054 3428 quod
1084 3363 1133 3418 est

183 3544 223 3592 13.
243 3538 289 3592 Fit
308 3555 381 3609 ergo
