2408 3848
120 166 189 230 202
416 165 581 220 ANARITII
598 165 854 222 COMMENTARII

120 355 280 394 numerum
298 353 323 409 z,
342 338 372 393 et
390 338 570 413 aggregetur
592 337 618 394 d.
657 335 716 394 Sed
734 356 874 394 numerus
888 356 908 395 c
921 336 1141 411 multiplicetur

122 425 155 482 in
176 443 208 500 9,
235 428 265 482 et
288 428 468 502 aggregetur
490 443 629 482 numerus
651 427 684 499 d,
708 444 778 503 ergo
802 426 1005 500 superficialis,
1029 425 1081 500 qui
1105 425 1140 481 fit

124 533 159 572 ex
183 531 197 572 c
219 514 251 571 in
273 531 297 588 a,
321 513 437 588 equalis
456 516 502 571 est
520 513 706 589 superficiali,
731 514 782 589 qui
800 513 835 572 fit
854 534 889 572 ex
908 534 927 573 o
945 515 976 571 in
993 533 1020 588 9,
1057 514 1138 590 Ergo

123 602 277 678 proportio
310 621 329 660 o
361 603 400 660 ad
432 620 447 661 e
478 605 523 660 est
555 602 631 660 sicut
663 603 815 678 proportio
846 622 863 662 a
890 605 929 661 ad
954 622 981 677 9.
1033 602 1091 660 Sed
1119 621 1139 660 c

92 695 262 749 enumerat
289 709 315 766 e,
344 709 413 768 ergo
441 710 579 749 numerus
606 709 623 751 a
649 695 786 750 numerat
810 711 837 766 9.
883 693 924 751 Et
947 692 1011 751 dico
1036 691 1135 764 etiam,

124 781 204 855 quod
236 798 375 838 numerus
402 797 419 839 a
450 799 509 838 non
541 783 587 838 est
614 780 727 856 equalis
754 780 808 838 uni
834 800 1024 840 numerorum
1052 800 1084 854 a,
1113 782 1138 853 b,

124 868 265 944 quoniam
282 868 345 926 iam
362 871 514 927 ostensum
533 872 578 927 est
596 888 632 927 ex
650 869 823 945 probatione
837 870 1020 945 precedentis
1034 869 1136 946 figure,

124 959 213 1032 quod,
239 977 305 1018 cum
328 957 443 1015 numeri
466 957 503 1015 ab
526 977 585 1016 uno
608 958 783 1034 incipientes
807 960 966 1017 secundum
989 957 1137 1034 proporti-

124 1066 210 1103 onem
237 1065 327 1104 unam
354 1046 577 1122 continuantur,
608 1050 681 1105 tunc
707 1047 804 1106 minor
830 1051 969 1106 numerat
995 1047 1138 1105 maiorem

79 1150 109 1189 10
124 1135 286 1199 secundum
317 1135 448 1210 aliquem
479 1154 669 1194 numerorum
699 1136 782 1195 illiue
813 1137 1020 1212 proportionis.
1077 1135 1136 1193 Sed

42 1269 55 1293 ,
122 1243 262 1282 numerus
284 1242 301 1283 a
327 1243 387 1282 non
414 1227 550 1282 numerat
573 1227 593 1284 d
619 1224 678 1284 nisi
705 1244 773 1284 cum
796 1225 963 1301 quantitate
987 1227 1138 1282 unitatum

727 2088 729 2122 ι
755 2103 783 2106 —
795 2088 1027 2122 -—--v-——-r

119 2193 299 2275 (numerio,
323 2197 373 2278 et>
396 2220 535 2260 numerus
555 2219 569 2260 e
591 2222 650 2261 non
674 2206 719 2260 est
742 2203 855 2278 equalis
878 2202 930 2259 uni
950 2222 985 2260 ex
1002 2201 1134 2260 numeris

120 2307 152 2362 a,
177 2289 206 2361 b,
227 2309 259 2365 9,
287 2289 441 2366 quoniam,
467 2290 492 2349 ei
515 2310 656 2349 numerus
679 2309 695 2350 z
718 2294 795 2350 esset
818 2292 933 2366 equalis
957 2291 1010 2348 uni
1032 2310 1135 2348 nume-

119 2395 220 2435 rorum
243 2398 275 2453 a,
299 2380 328 2454 b,
349 2398 382 2454 9,
408 2382 485 2438 esset
506 2396 522 2439 z
544 2398 704 2438 numerans
727 2381 747 2438 d
769 2398 838 2438 cum
860 2399 919 2438 uno
944 2399 979 2438 ex
1001 2380 1133 2437 numeris

76 2483 149 2539 1561,
174 2467 203 2524 b:
237 2487 305 2545 ergo
338 2487 478 2528 numerus
505 2486 522 2528 a
549 2487 608 2526 non
635 2472 681 2527 est
709 2468 823 2544 equalis
851 2468 903 2526 uni
936 2488 970 2526 er
1002 2468 1134 2526 numeris

120 2575 152 2628 c,
181 2557 210 2630 b,
235 2575 263 2630 9.
315 2556 372 2615 Sed
403 2557 467 2632 ipse
495 2575 554 2614 non
582 2560 719 2615 numerat
747 2577 813 2615 eum
841 2576 907 2615 cum
934 2576 994 2615 uno
1024 2575 1133 2629 eorum,

119 2663 215 2718 neque
238 2648 377 2704 numerat
394 2645 493 2720 ipsum
511 2644 570 2703 nisi
588 2646 748 2704 secundum
766 2665 922 2704 numerum
941 2664 963 2719 e,
987 2645 1040 2720 qui
1058 2646 1136 2702 nulli

119 2752 311 2792 numerorum
339 2753 371 2808 o,
399 2736 428 2808 b,
454 2752 474 2807 9
502 2734 617 2809 equalis
646 2734 753 2794 existit.
798 2735 864 2793 Iam
888 2754 957 2812 ergo
982 2738 1134 2793 ostensum

120 2823 177 2895 est,
205 2823 286 2898 quod
312 2840 452 2880 numerus
475 2839 491 2881 z
517 2823 594 2880 nulli
621 2843 811 2882 numerorum
834 2843 866 2898 c,
890 2826 906 2882 b
937 2827 981 2883 est
1010 2823 1133 2899 equalis

73 2926 105 2967 ao
121 2908 179 2968 Sed
202 2911 266 2986 ipse
285 2914 422 2969 numerat
440 2930 597 2969 numerum
613 2931 645 2986 9ε
668 2916 804 2970 numeret
827 2932 896 2990 ergo
916 2913 1013 2988 ipsum
1033 2931 1134 2970 secun-

120 2999 192 3057 dum
211 3000 407 3075 equalitatem
426 2999 497 3075 eius,
516 3000 595 3076 quod
614 3002 708 3058 estin
726 3021 848 3060 numero
867 3003 886 3059 lr-
905 3022 940 3059 ex
959 3001 1133 3059 unitatibus,

118 3087 255 3148 Probabo
278 3089 395 3164 itaque,
418 3089 670 3164 quemadmodum
691 3090 824 3166 probavi,
848 3090 928 3165 quod
951 3109 1091 3148 numerus
1115 3110 1135 3148 c

118 3180 256 3236 numerat
274 3197 430 3235 numerum
443 3195 467 3253 a,
487 3181 517 3236 et
535 3179 616 3254 quod
634 3180 807 3237 numerush
826 3181 964 3237 numerat
977 3199 1135 3237 numerum

189 3333 276 3382 2-3.
295 3327 329 3382 fit
347 3344 381 3383 ex
398 3346 416 3400 9
435 3331 476 3396 est
494 3346 508 3384 e
525 3329 556 3382 in
573 3345 596 3384 a.
622 3362 656 3369 —
681 3335 704 3384 7.
723 3329 892 3398 precedenti.
917 3363 952 3369 -
976 3335 1089 3384 10-11.
1110 3330 1132 3383 si

111 3415 257 3455 uumerus.
277 3431 310 3440 -
331 3405 443 3455 11-12.
461 3399 603 3454 unitatum
622 3403 665 3454 eet
682 3417 813 3455 numerus
832 3419 853 3456 c.
874 3435 907 3442 —
928 3408 970 3455 22.
988 3400 1132 3455 Probatio.

119 3503 152 3513 -
171 3471 409 3541 quemadmodum
426 3470 566 3541 probatio.
596 3503 627 3512 -
658 3478 700 3526 23.
721 3489 867 3526 numerum
885 3489 912 3542 a,
941 3475 970 3526 et
988 3472 1065 3540 quod
1083 3491 1136 3525 nu-

72 3550 210 3624 mme
227 3559 251 3612 a,
271 3544 300 3597 et
318 3543 394 3612 quod
412 3559 542 3597 numerus
561 3545 586 3596 h.
