2408 3848
111 165 176 229 292
402 164 566 218 ANARITII
583 162 839 217 COMMENTARII

198 333 370 392 Describam
397 333 470 391 duos
499 350 650 406 numeros,
678 351 805 406 quorum
827 332 917 390 unius
940 332 972 390 iu
999 333 1136 392 alterum

109 423 262 498 proportio
299 441 360 479 non
396 421 435 479 sit
472 421 550 479 siout
581 421 734 496 proportio
766 421 882 478 numeri
914 421 1063 496 quadrati
1096 423 1135 482 ad

109 531 266 570 numerum
297 511 493 585 quadratum,
525 512 555 567 et
587 510 711 586 signabo
738 529 897 568 numerum
922 510 1068 589 tercium,
1104 515 1136 570 et

109 601 150 658 sit
178 599 331 674 proportio
358 598 446 656 unius
471 599 597 656 duorum
619 617 810 656 numerorum
833 599 872 656 ad
895 599 1028 657 alterum
1052 600 1134 659 siout

83 689 264 764 5proportio
294 687 434 762 quadrati
460 687 543 745 illius
568 687 646 744 lineo
675 688 713 745 ad
740 688 863 745 terciam
890 687 1012 746 lineam.
1060 690 1134 750 Non

110 796 180 854 ergo
209 775 360 850 convenit,
387 779 422 835 ut
449 795 589 834 numerus
617 795 708 851 unus,
737 776 789 851 qui
817 777 968 854 signatur,
997 777 1040 836 sit
1064 780 1133 854 qui·

109 865 193 940 libet,
215 861 408 943 (quoniam),
430 869 592 940 postquam
614 869 683 942 post
706 864 834 922 duorum
856 885 1053 924 numerorum
1078 889 1133 943 po·

111 955 249 1013 sitionem
271 973 330 1012 non
350 954 476 1028 quilibet
494 953 605 1029 poterit
623 953 736 1030 signari
753 972 902 1028 numerus,
926 954 977 1012 sed
998 960 1133 1031 oportet,

110 1047 145 1102 ut
176 1044 247 1101 talis
280 1043 413 1120 signetur
444 1061 597 1114 numerus,
630 1043 716 1100 ouius
746 1043 928 1117 quadratum
955 1062 1027 1101 cum
1055 1041 1134 1122 (in)

71 1143 98 1182 10
110 1151 206 1190 unum
228 1133 354 1191 duorum
372 1151 562 1191 numerorum
581 1131 672 1189 fuerit
689 1132 932 1207 multiplicatum,
956 1127 1034 1210 (et)
1054 1135 1132 1194 divi-

111 1221 200 1279 datur
226 1240 280 1296 per
306 1221 413 1295 alium,
443 1220 556 1279 scilicet
584 1223 618 1278 ut
644 1220 685 1278 sit
711 1221 743 1278 in
771 1239 804 1277 eo
832 1239 902 1296 pars
930 1219 1133 1282 denominans

112 1310 185 1368 duos
222 1328 369 1368 numeros.
423 1309 561 1384 Exempli
593 1327 683 1367 causa
715 1308 839 1386 signabo
872 1309 945 1368 duos
977 1330 1133 1386 numeroS,

112 1418 240 1474 quorum
262 1398 415 1474 proportio
438 1417 499 1457 non
521 1398 561 1457 sit
584 1398 660 1456 sicut
678 1398 831 1473 proportio
850 1398 966 1456 numeri
985 1401 1135 1474 quadrati

112 1489 150 1546 ad
168 1507 325 1546 numerum
343 1487 532 1562 quadratum,
555 1488 607 1561 qui
625 1487 686 1545 sint
705 1487 762 1546 duo
782 1489 812 1544 et
830 1489 898 1545 tres.
940 1487 981 1546 Et
1000 1488 1133 1566 signabo

73 1587 98 1626 15
112 1597 205 1635 unum
237 1597 393 1635 numerum
427 1576 531 1649 alium,
564 1575 616 1650 qui
648 1575 687 1633 sit
719 1575 860 1650 quinque.
916 1575 989 1634 Eius
1023 1579 1134 1655 itaque

113 1667 300 1742 quadratum,
324 1665 403 1740 quod
427 1668 472 1723 est
490 1663 598 1740 viginti
617 1663 756 1739 quinque,
779 1664 987 1740 multiplicabo
1006 1667 1042 1725 in
1061 1671 1134 1743 tres

113 1758 143 1812 et
165 1755 238 1812 fiant
261 1753 453 1829 septuaginta
476 1753 618 1826 quinque.
659 1752 736 1809 Volo
759 1755 860 1810 autem
878 1753 1136 1832 dividerevipsum

112 1863 166 1918 per
196 1842 253 1898 duo
284 1840 326 1915 [et
352 1839 438 1916 tn'a],
471 1841 524 1915 qui
552 1843 653 1898 autem
680 1860 740 1898 non
768 1841 911 1908 dividitur
937 1862 992 1917 per
1020 1845 1135 1922 ipsum,

115 1930 255 2005 quoniam
287 1930 318 1985 in
346 1928 537 2005 septuaginta
565 1929 696 2004 quinque
725 1949 785 1989 non
813 1934 858 1990 cst
885 1949 968 2006 parS,
1001 1953 1064 2008 que
1093 1936 1136 1994 sit

75 2031 101 2068 20
114 2018 267 2076 medietas.
312 2017 519 2092 Multiplicabo
542 2017 634 2076 ctiam
656 2018 765 2094 viginti
787 2020 920 2095 quinquo
942 2019 1077 2098 induo,
1105 2028 1136 2084 et

115 2107 188 2165 fient
215 2105 446 2183 quinquaginta,
475 2127 563 2182 quom
591 2106 752 2166 dividerem
775 2127 828 2183 per
849 2112 924 2183 tres,
951 2109 978 2167 si
1000 2130 1136 2185 possem.

116 2196 173 2254 Sed
201 2213 261 2252 non
289 2195 432 2254 dividitur
458 2215 511 2271 per
536 2196 648 2271 ipsum,
679 2197 820 2272 quoniam
847 2198 879 2255 in
906 2199 1137 2279 quinquaginta

114 2302 174 2342 non
202 2288 248 2342 est
274 2303 343 2359 pars
370 2286 472 2343 tercia.
519 2284 654 2360 Quinque
683 2305 752 2362 ergo
780 2304 840 2343 non
863 2289 908 2344 est
931 2305 965 2344 ex
988 2294 1136 2367 numeris,

116 2375 169 2449 qui
196 2374 227 2430 in
255 2374 310 2432 hac
337 2373 433 2450 figura
459 2375 553 2432 tercia
578 2374 747 2451 signantur,
776 2375 880 2450 etqui
903 2375 1003 2434 exeis
1028 2384 1104 2439 sunt
1131 2374 1136 2462 Ι

76 2462 237 2520 assimiles.
278 2463 437 2522 Assumam
460 2483 529 2540 ergo
553 2464 618 2522 looo
641 2465 772 2538 quinque
791 2482 849 2537 sex,
873 2466 903 2522 et
920 2464 1136 2540 multiplicabo
1155 2477 1178 2525 tt

114 2551 241 2635 triginta
264 2570 315 2609 sex
336 2554 368 2608 in
391 2552 457 2626 duo,
481 2555 512 2610 ct
532 2553 708 2627 provenient
726 2555 917 2630 septuaginta
935 2553 1003 2612 duo.
1047 2557 1137 2617 Divi-

116 2639 186 2697 dam
217 2640 310 2717 igitur
342 2659 408 2698 eum
435 2660 489 2716 per
514 2643 589 2714 tres,
620 2641 758 2716 provenit
786 2661 820 2700 er
848 2643 991 2701 divisione
1019 2645 1138 2723 viginti

117 2731 253 2804 quatuor.
295 2729 501 2804 Multiplicabo
525 2730 617 2787 etiam
638 2730 765 2807 triginta
788 2749 838 2789 sex
860 2731 892 2788 in
914 2734 983 2806 tres,
1008 2735 1040 2790 et
1060 2735 1139 2796 fient

117 2820 236 2876 centum
264 2821 294 2876 et
317 2820 396 2892 octo,
425 2837 513 2893 quem
534 2837 588 2893 per
610 2817 668 2876 duo
691 2818 835 2895 dividam,
863 2823 893 2879 ot
915 2823 1076 2894 proveniet
1101 2845 1140 2884 ex

77 2919 103 2958 ³⁰
117 2906 262 2965 divisione
290 2906 508 2983 quinquaginta
540 2909 681 2982 quatuor:
713 2927 782 2986 ergo
815 2927 865 2967 sex
897 2904 985 2986 (est)
1013 2930 1052 2969 ex
1082 2935 1139 2972 nu-

117 2995 216 3070 meris,
240 2995 290 3071 qui
317 2997 349 3053 in
375 2996 431 3054 hoc
457 2998 600 3054 notantur
627 2996 767 3072 capitulo.
813 2998 853 3056 Et
880 2998 1018 3057 similiter
1045 3007 1140 3063 emmt

117 3103 217 3160 pares,
249 3087 409 3160 postquam
441 3087 511 3144 sunt
542 3079 621 3162 <cx>
653 3085 774 3160 paribus
804 3079 867 3168 ¹:duo
895 3089 1010 3146 numeri
1038 3095 1140 3165 positi

119 3175 149 3232 et
172 3173 243 3232 dati.

208 3261 338 3339 Signabo
367 3265 397 3320 ct
423 3263 476 3322 hos
505 3263 579 3322 duos
606 3283 743 3323 numeros
770 3263 951 3342 infigura
974 3269 1139 3342 septima

192 3472 233 3519 10.
252 3465 461 3535 multiplicatio.
485 3499 519 3507 -
544 3473 584 3522 18.
604 3467 653 3535 qui
672 3470 779 3540 autem]
798 3470 874 3536 quod
893 3472 1012 3524 tantum.
1033 3504 1070 3514 -
1092 3482 1138 3532 32.

120 3540 185 3592 sunt
202 3537 317 3606 paribus
336 3541 485 3607 postquam
504 3539 568 3593 duo.
1104 3582 1106 3586 ν
