2408 3848
392 150 442 203 AD
461 149 647 204 tottionis
665 150 732 204 LIB.
748 151 780 206 X.
1024 151 1087 214 301

76 318 250 395 gitudine.
284 317 541 377 Communicantes
559 337 628 377 vero
643 319 674 376 in
686 319 875 396 longitudine
889 320 921 376 in
936 320 1088 378 elementis

75 406 266 466 ostendimus.

165 495 211 554 sn
243 514 312 572 ergo
346 495 426 554 unca
454 497 495 554 ae
523 496 678 555 rationalis
706 468 747 554 n
764 495 963 574 longitudine,
997 516 1088 571 quam

74 603 198 660 ponam,
230 587 376 659 quantum
403 585 538 658 voluero,
571 604 629 659 que
660 586 700 645 sit
727 586 859 661 quinque
887 605 923 644 01
949 587 1086 661 numeris

74 693 133 749 que
166 674 206 732 sit
236 673 361 750 longior.
417 672 513 748 Supra
541 691 631 748 quam
660 675 842 734 constituam
869 675 1087 732 semicirculum
1115 685 1127 725 5

74 764 152 837 091,
177 764 207 820 01
230 762 352 838 signabo
377 763 450 820 duos
474 781 612 820 numeros
636 765 688 836 de,
708 781 754 837 ca,
777 767 808 821 et
827 782 950 838 ponam,
974 766 1010 821 ut
1027 783 1087 823 non

74 852 115 909 sit
146 852 300 926 proportio
332 853 372 911 dc
404 851 443 908 ad
474 869 718 926 unumquemque
749 871 941 911 numerorum
968 854 1019 926 dc,
1053 870 1087 911 cz

74 939 153 998 sicut
175 940 328 1015 proportio
356 940 473 998 numeri
495 939 635 1014 quadrati
658 939 697 998 ad
718 959 875 998 numerum
899 941 1086 1017 quadratum,

75 1047 150 1104 quos
181 1047 291 1104 ponam
323 1029 381 1086 duo
414 1032 444 1087 et
470 1031 543 1103 tres,
576 1048 705 1104 quorum
732 1047 846 1088 summa
874 1033 919 1088 est
947 1031 1086 1104 quinque.

75 1117 182 1193 Sitque
212 1117 366 1193 proportio
399 1119 439 1178 dc
466 1117 504 1176 ad
528 1135 564 1177 10
592 1117 670 1177 sicut
696 1118 850 1193 proportio
878 1119 1016 1192 quadrati
1044 1121 1127 1178 1010

504 1711 524 1746 α
783 1703 786 1739 l
1026 1703 1029 1740 l

78 1860 395 1938 01000110101019,
423 1866 453 1920 01
477 1863 532 1921 100
556 1866 613 1937 cst,
636 1865 672 1921 ut
694 1864 892 1939 multiplicem
914 1864 1024 1922 lineam
1047 1866 1088 1922 ob

77 1949 109 2004 in
133 1967 176 2023 se,
201 1969 257 2024 que
281 1953 325 2008 est
348 1952 494 2026 quinque,
518 1952 575 2010 erit
597 1971 680 2028 erg0,
705 1953 786 2028 quod
807 1953 957 2028 provenit,
980 1953 1089 2029 viginti

79 2036 218 2110 quinque.
269 2039 372 2113 Ipsum
398 2039 502 2114 itaque
529 2041 735 2115 multiplicabo
763 2042 795 2099 in
822 2043 932 2100 lineam
955 2059 1002 2116 ez,
1030 2061 1088 2117 que
1122 2056 1124 2061 '

80 2127 220 2200 0011100,
244 2127 312 2202 erit,
337 2127 419 2202 quod
439 2128 586 2203 provenit,
609 2131 972 2207 septuagintaquinque,
1000 2150 1089 2206 quem

80 2211 212 2270 dividam
234 2234 287 2290 per
310 2234 465 2290 summam,
489 2235 548 2290 que
567 2220 612 2274 est
629 2218 709 2275 linea
730 2221 781 2293 da,
806 2238 864 2294 que
883 2222 928 2278 est
946 2220 1087 2295 quinque,
1103 2230 1128 2270 15

79 2304 110 2358 01
142 2304 280 2376 provenit
312 2323 347 2361 ex
379 2303 523 2362 divisione
556 2305 731 2379 quindecim.
781 2307 877 2365 Radix
905 2327 974 2384 ergo
1002 2309 1087 2384 quin-

79 2390 174 2447 decim
206 2395 251 2450 est
281 2393 362 2450 linea
393 2394 441 2466 19.
496 2391 683 2470 Coniungam
715 2398 815 2453 autem
844 2415 864 2469 9
895 2414 963 2453 cum
990 2416 1010 2455 0
1036 2417 1089 2472 per

78 2479 190 2536 1100001
217 2499 266 2554 09.
313 2480 499 2550 Quadratum
522 2483 691 2541 1010111100
715 2485 757 2542 bo
778 2487 878 2558 potest
900 2503 992 2560 supra
1016 2505 1088 2561 qua-

79 2568 199 2626 dratum
232 2572 271 2643 19
303 2571 465 2629 secundum
497 2571 679 2646 quadratum
707 2591 757 2646 09.
807 2571 992 2640 Quadratum
1019 2595 1088 2652 ergo

79 2659 120 2715 cb
144 2660 240 2716 totum
264 2662 309 2718 est
331 2659 438 2736 viginti
462 2659 601 2735 quinque,
625 2660 708 2719 ouius
731 2661 828 2736 radix,
853 2682 910 2737 que
934 2666 979 2721 est
1003 2664 1088 2739 quin-
1103 2676 1129 2716 2⁰

80 2766 145 2821 que,
160 2747 411 2807 incommunicans
431 2749 530 2807 existit
548 2749 642 2807 radici
660 2750 830 2824 quindecim
848 2751 879 2808 in
893 2752 1088 2828 longitudine,

79 2836 220 2909 quoniam
252 2856 288 2894 ex
319 2837 568 2912 multiplicatione
601 2838 733 2914 quinque
764 2839 797 2896 in
824 2840 992 2915 quindecim
1021 2860 1087 2916 pro-

78 2925 181 2982 veniat
203 2927 395 3004 septuaginta
419 2927 560 3002 quinque,
583 2927 635 3002 qui
656 2932 701 2986 001
718 2947 858 2987 00100100
877 2929 994 3005 surdus,
1018 2950 1088 3007 ergo

80 3015 121 3071 ab
145 3016 190 3072 001
211 3015 463 3074 incommunicans
488 3017 527 3089 19
549 3017 581 3072 10
598 3017 792 3093 longitudine.
832 3017 991 3094 Proportio
1010 3021 1089 3077 enim

81 3102 221 3176 quadrati
245 3106 285 3163 ab
309 3104 348 3162 ad
371 3103 552 3180 quadratum
575 3106 614 3178 19
637 3108 683 3163 001
705 3107 783 3165 sicut
799 3108 953 3183 proportio
972 3109 1089 3166 numeri
1103 3118 1128 3160 2⁵

80 3192 120 3248 dc
143 3192 180 3248 ad
202 3213 360 3252 numerum
381 3211 424 3252 10.
462 3191 520 3250 Sed
544 3195 585 3252 01
609 3195 807 3254 communicat
829 3197 869 3270 19
891 3197 922 3253 10
944 3195 1088 3272 potentia,

80 3281 243 3339 secundum
266 3283 343 3358 qnod
367 3282 521 3358 precessit,
545 3285 575 3340 01
598 3283 766 3362 seiungitur
789 3285 816 3343 01
838 3286 870 3345 in
892 3285 1088 3361 longitudine,

30 3380 62 3426 04
82 3371 112 3425 01
139 3371 180 3427 ab
209 3373 253 3430 001
278 3371 435 3430 rationalis
462 3370 493 3428 in
520 3371 706 3449 longitudine
735 3377 766 3432 01
789 3376 828 3448 19
850 3373 1007 3433 rationalis
1030 3366 1086 3459 101

82 3471 293 3483 -ξι-

153 3526 265 3578 16-11.
284 3526 327 3578 001
344 3522 505 3591 quindecim
522 3526 573 3578 001.
