2408 3848
126 139 189 202 146
408 139 574 195 ANARITII
591 140 848 199 COMMENTARII

124 311 155 366 et
177 309 303 385 angulus
327 328 346 367 o
368 309 409 368 sit
425 312 523 368 roetus
540 311 732 370 manifestum
754 315 907 391 estquod
930 317 1078 391 convenit,
1099 324 1137 378 ut

122 397 203 455 linea
226 399 268 456 od
295 398 335 456 sit
366 399 528 457 diametrus
560 399 674 477 oireuli3
705 405 735 460 et
762 403 899 462 similiter
931 407 1038 482 etiam,
1068 427 1135 466 enm

124 487 282 566 querimus,
297 490 334 545 ut
347 488 386 545 sit
399 488 479 544 linea
493 490 535 545 ab
548 507 638 563 equa-

122 575 160 634 lis
185 577 262 634 lineo
285 578 338 650 by,
366 580 396 634 et
424 576 553 653 angulus
576 572 637 653 <b>
895 561 921 598 ω

95 669 234 739 erectae,
261 665 409 740 sequitur,
436 668 470 722 ut
497 665 537 723 sit
558 665 637 723 linea

121 772 163 827 oy
198 755 359 812 diametrus
397 753 508 812 circuli.
571 754 639 812 Erit

121 862 191 920 ergo
230 847 301 901 tuno
339 845 482 917 punctum
519 860 533 901 e
571 862 637 901 oen-

120 936 213 1006 trum,
234 927 238 1010 l
259 951 329 1009 ergo
352 932 481 1008 angulus
504 933 565 990 eob
592 935 638 990 est
674 927 700 1023 ά

121 1020 235 1095 equalis
258 1021 368 1097 angulo
388 1021 457 1078 ebo.
493 1019 638 1078 Remanet

80 1123 106 1162 no
121 1129 190 1186 ergo
213 1113 285 1167 tuno
303 1109 430 1186 angulus
448 1111 509 1167 aab
532 1112 637 1168 rectus.

121 1197 178 1256 Sed
209 1198 273 1273 ipse
306 1200 351 1256 est
383 1198 498 1273 equalis
527 1198 636 1275 angulo

119 1287 192 1360 bey,
215 1305 284 1364 ergo
304 1289 432 1363 quatuor
450 1287 562 1362 anguli,
585 1286 638 1361 qui

119 1379 188 1434 sunt
206 1376 287 1451 apud
302 1380 445 1450 centrum,
464 1378 533 1434 sunt
546 1395 636 1450 equa·
887 1410 916 1457 9

118 1465 174 1540 les,
212 1468 242 1523 et
273 1485 374 1524 eorum
406 1484 475 1542 ergo
511 1464 637 1539 quilibet

79 1566 105 1606 15
119 1557 165 1612 est
186 1557 291 1612 rectus.
332 1555 398 1611 Due
420 1555 523 1629 itaque
546 1551 683 1611 diametri
705 1571 736 1611 se
759 1553 996 1630 orthogonaliter
1017 1558 1122 1616 secant.

117 1643 275 1702 liuoumns
297 1642 391 1719 igitur
417 1643 454 1699 ab
478 1643 620 1700 hocloco
643 1641 767 1717 incepit,
795 1645 825 1701 et
846 1642 961 1702 invenit
984 1648 1123 1716 centrum,

52 1759 56 1768 ¹
117 1737 147 1790 et
169 1732 241 1790 fecit
264 1750 354 1806 supra
381 1732 480 1805 ipsum
506 1731 632 1788 transire
660 1730 733 1789 duas
758 1731 919 1790 diametros
942 1751 1004 1792 sese
1027 1736 1125 1794 ortho-

116 1822 265 1897 gonaliter
287 1822 428 1877 secantes.
474 1819 553 1895 Ergo
576 1820 704 1895 invenit,
728 1821 808 1894 quod
831 1819 982 1896 querebat.

202 1909 239 1966 In
262 1907 416 1982 septima
442 1901 596 1984 figural)

76 1995 192 2054 anihil
210 1996 425 2054 dixitYnmus:
444 1996 520 2053 Eam
539 1998 595 2056 sol·
638 2020 672 2069 a*

116 2104 193 2160 vam,
212 2085 288 2143 siout
303 2087 356 2158 est,
372 2088 402 2143 et
415 2105 524 2160 ponam
537 2085 593 2144 ita·

116 2194 182 2250 que,
195 2177 231 2232 ut
241 2174 420 2249 quadratum
434 2175 473 2232 sit
481 2176 594 2233 factum

115 2263 193 2322 eirea
211 2263 360 2322 circulum.
394 2263 521 2339 Propter
538 2265 593 2323 hoo

113 2353 220 2430 igitur,
249 2352 328 2428 quod
354 2352 433 2411 linea
459 2355 499 2413 alt
526 2372 592 2411 oon·

71 2452 99 2493 25
113 2442 205 2519 tingit
232 2442 374 2501 circulum
401 2460 492 2517 supra
518 2463 591 2518 pun-
633 2450 657 2499 cl

113 2533 194 2589 etum
216 2550 250 2606 o,
282 2531 339 2590 erit
365 2530 458 2606 linea,
491 2551 548 2606 que
574 2551 592 2589 a

112 2623 221 2695 puncto
243 2639 262 2679 a
283 2620 502 2697 othogonaliter
524 2640 591 2696 pro·

111 2709 257 2785 trahitur,
329 2709 476 2768 transiens
539 2730 592 2785 per

112 2802 259 2872 centrum3
291 2801 321 2856 et
350 2798 488 2856 similiter
513 2799 590 2857 lineo

69 2898 130 2945 eoa
170 2887 340 2963 punotisb
387 2890 465 2960 eto
505 2889 658 2946 etdk

110 2975 346 3053 orthogonaliter
359 2978 509 3051 protracte
523 2995 590 3052 pro-

108 3065 230 3124 venient
252 3064 291 3122 ad
314 3069 456 3124 centrum.
500 3065 678 3126 Protraham
701 3088 770 3147 ergo
794 3087 857 3144 eae,
889 3072 920 3128 et
947 3073 1117 3132 eonourrent

109 3171 200 3230 supra
217 3156 362 3230 punctum
381 3173 404 3229 e,
427 3154 508 3229 quod
525 3157 571 3212 est
589 3159 730 3216 centrum.
761 3157 808 3217 ut
827 3157 897 3234 quia
913 3163 1116 3238 unusquisque

181 3311 222 3361 15.
242 3308 340 3360 secant
358 3321 395 3361 se.
415 3339 449 3346 —
469 3312 509 3360 16.
529 3306 674 3365 invenirit.

105 3448 364 3576 (immineamus
382 3447 429 3517 IV,
450 3454 477 3504 ἵε
507 3449 587 3506 Girou
605 3452 776 3521 propositam
799 3453 930 3509 drentem
948 3458 1116 3526 quadratum

239 3537 260 3576 e.
