2408 3848
110 179 175 242 300
397 177 562 232 ANARITII
580 175 836 230 COMMENTARH

108 349 151 405 ab
184 347 379 421 quadratum,
415 346 494 421 quod
527 346 566 402 sit
598 345 777 421 quadratum
805 347 854 404 bd.
919 344 977 402 Sed
1008 347 1052 404 ab
1089 351 1138 406 est

110 436 282 511 rationalis,
312 454 381 512 ergo
410 434 577 510 superficies
605 436 647 493 od
670 437 715 492 est
736 433 905 509 rationalia,
929 437 960 492 et
984 435 1028 492 ba
1053 454 1138 495 com-

111 525 247 582 municat
270 543 311 597 ay
333 524 365 581 in
383 523 578 600 longitudine,
602 526 633 580 et
651 525 693 581 bn
712 524 757 581 est
775 523 891 598 equalis
910 524 967 598 ad,
992 542 1067 601 ergo
1089 527 1138 584 ad

111 613 308 671 communicat
335 630 377 685 ay
398 611 431 669 in
453 611 653 688 longitudine:
682 630 752 688 ergo
780 611 949 688 superficies
978 612 1023 671 bd
1052 632 1135 672 com·

80 702 244 759 omunioat
272 700 438 776 superficiei
465 702 505 773 by
535 697 579 776 [in
606 698 817 777 longitudine].
868 699 926 758 Sed
954 701 1133 776 superficies

112 792 154 849 bd
186 794 231 848 est
258 789 428 848 rationalis:
461 808 531 866 ergo
559 789 727 865 superficies
757 791 797 863 by
824 792 870 847 est
896 788 1072 865 rationalis,
1104 794 1137 850 et

112 878 188 936 illud
211 881 264 953 est,
288 877 369 954 quod
392 879 593 939 demonstrare
616 878 774 938 voluimus.

202 966 300 1025 Sexti
325 967 452 1024 decimi
476 960 715 1042 exemplum.1)

202 1055 233 1112 Si
252 1055 421 1130 superficies
441 1058 480 1130 by
493 1056 659 1130 rationalis,
674 1075 731 1130 que
747 1055 890 1114 adiuncta
904 1055 944 1113 sit
958 1055 997 1113 ad
1017 1056 1136 1115 lineam

72 1146 167 1219 mab,
191 1149 221 1202 et
244 1145 283 1202 sit
305 1145 385 1202 linea
409 1147 450 1203 ab
468 1146 500 1202 in
518 1145 706 1222 longitudine
725 1144 881 1202 rationalis
902 1148 932 1202 et
949 1145 1070 1204 fuerint
1089 1149 1133 1205 ab

111 1237 141 1291 et
169 1252 210 1307 cy
237 1234 423 1292 continentes
451 1233 648 1309 superficiem:
677 1233 742 1291 dico
770 1234 877 1310 igitur,
905 1233 987 1308 quod
1016 1253 1063 1308 oy
1087 1239 1136 1294 est

110 1323 265 1381 rationalis
302 1323 333 1379 in
367 1322 563 1398 longitudine,

109 1411 192 1486 quod
205 1413 247 1470 sic
260 1411 414 1486 probatur.
441 1411 563 1469 Faciam
607 1387 1136 1466 L-...A—„Al

112 1501 190 1558 enim
208 1520 299 1575 supra
318 1502 359 1559 ab
381 1501 563 1576 quadratum
680 1574 681 1577 Ἴ
1122 1470 1124 1592 i

71 1601 96 1640 15
111 1591 165 1648 bd:
186 1609 255 1666 ergo
274 1589 443 1664 superficies
457 1591 499 1647 bd
518 1592 564 1647 est

110 1678 275 1736 rationalis.
313 1677 371 1734 Sed
393 1677 563 1752 superficies

112 1769 151 1840 by
192 1770 237 1825 est
274 1766 446 1824 rationalis:
492 1783 562 1841 ergo
610 1789 612 1888 J
912 1791 916 1796 ·
1121 1754 1126 1849 ,¹

112 1854 281 1930 superficies
302 1855 343 1911 bd
365 1853 563 1911 communicat
896 1872 1124 1953 b—-ss

112 1942 277 2017 superficiei
305 1943 352 2014 by.
413 1940 471 1999 Sed
497 1960 564 2016 pro·

71 2046 97 2084 ao
110 2031 209 2106 portio
241 2029 407 2104 supeificiei
440 2031 484 2089 bd
515 2029 554 2087 ad
585 2029 770 2106 superficiem
800 2031 840 2104 by
872 2034 917 2090 est
949 2031 1028 2089 sieut
1062 2053 1137 2108 pro-

111 2119 209 2195 portio
238 2119 282 2176 cd
314 2117 352 2175 ad
379 2137 433 2193 cy:
466 2138 535 2196 ergo
563 2120 607 2178 da
639 2120 838 2178 communicat
865 2138 908 2194 ay
934 2119 966 2176 in
993 2120 1135 2198 longitu-

112 2208 187 2265 dine.
239 2205 298 2265 Sed
325 2209 369 2266 ad
396 2211 441 2267 est
468 2208 583 2284 equalis
611 2210 665 2267 ab:
698 2228 768 2286 ergo
792 2209 833 2267 ab
861 2210 1065 2268 communicat
1090 2231 1137 2286 aq

111 2297 143 2354 in
165 2296 361 2373 longitudine.
407 2295 465 2355 Sed
488 2299 529 2356 ba
553 2301 598 2356 est
618 2298 785 2371 rationalis,
807 2315 877 2374 ergo
901 2316 943 2372 cy
966 2301 1012 2356 est
1033 2301 1136 2359 ratio·

111 2385 189 2443 nalis
213 2389 243 2444 et
266 2386 525 2445 communicatae
547 2386 579 2444 in
597 2386 796 2463 longitudine,
821 2389 851 2444 et
870 2386 946 2444 illud
967 2391 1021 2461 est,
1046 2390 1135 2463 quod

72 2489 98 2528 eo
109 2474 315 2552 ,demonstrare
338 2475 496 2534 voluimus.

203 2562 403 2638 Septimum
426 2555 639 2645 decimum.²)

201 2651 290 2711 Volo
309 2652 469 2726 reperire
489 2652 574 2711 duas
593 2652 709 2710 lineas
733 2652 769 2709 in
791 2651 960 2727 potentia
981 2655 1134 2713 tantum

112 2741 313 2799 rationales
341 2736 426 2819 (et)
454 2741 769 2815 communicantes,
803 2759 954 2816 quarum
981 2740 1135 2817 longior

113 2848 221 2905 supra
260 2829 461 2888 breviorem
504 2829 854 2905 possiesecundum
895 2833 1134 2906 augmentum

114 2918 285 2993 quadrati
312 2919 408 2975 linee
435 2918 774 2978 incommunicantis
802 2918 961 2995 longiori
988 2919 1025 2975 in
1047 2909 1133 2978 lon·

186 3057 226 3105 11.
246 3051 433 3124 continentes]
452 3051 698 3106 communicantes.
717 3084 753 3092 -
771 3057 813 3107 20.
833 3050 990 3120 superficiei
1008 3053 1058 3106 ad.

186 3197 212 3263 1)
230 3193 367 3247 Eucnmns
381 3194 413 3263 X,
425 3200 458 3248 16
478 3193 631 3264 (Cumanus
645 3193 730 3264 idem,
748 3194 916 3248 Humuumus
930 3193 964 3263 X,
975 3196 1026 3262 19).
1053 3193 1134 3251 Vide

112 3283 139 3334 p·
155 3271 212 3408 2221)
225 3267 375 3390 nddcdinns
398 3335 436 3402 X,
457 3341 489 3390 17
518 3335 670 3406 (Omnino
689 3335 727 3403 X,
748 3341 793 3402 183
821 3335 990 3389 Hnmnnmus
1008 3335 1047 3403 X,
1067 3341 1131 3408 20):

113 3409 195 3464 Duas
214 3409 300 3463 lineas
318 3408 350 3462 in
363 3409 490 3476 potentia
507 3414 615 3462 tnntmm
631 3407 781 3462 intimantes
799 3407 1040 3472 communicatae,
1059 3425 1131 3477 qna-

113 3497 176 3534 rnm
194 3480 300 3548 longior
318 3479 384 3548 pins
398 3479 487 3548 poscit
505 3479 634 3544 breviori,
656 3483 789 3546 qnantum
811 3484 850 3531 eet
868 3479 1034 3546 quadratum
1058 3479 1133 3537 linee

112 3552 168 3604 sibi
185 3551 466 3605 incommensurabilis
483 3551 515 3603 in
533 3550 711 3619 longitndine,
728 3550 858 3602 incenim.
