2408 3848
110 165 152 229 32
394 162 560 218 nrnnrrn
579 160 835 218 communion

109 352 176 392 cum
213 351 261 406 ca,
298 351 354 406 que
391 331 552 390 secundum
588 331 816 389 continuitatem
848 332 878 387 et
909 329 1121 387 rectitudinem

109 421 314 497 protrahatur,
339 421 513 496 protraham
534 419 646 478 lineam
668 423 705 479 cb
728 420 760 477 in
782 418 1002 493 rectitudinem,
1027 421 1070 492 et,
1095 418 1121 477 si

110 514 156 569 est
164 509 314 585 possibile,
327 509 387 567 sint
400 509 477 566 linee
488 511 561 583 obp,

111 602 141 658 et
164 600 231 657 abd
256 601 344 656 recte.
391 595 561 656 Oircumdu-

83 700 182 746 ccam
199 705 268 763 ergo
298 687 440 744 circulum
473 705 563 762 supra

111 779 246 834 centrum
269 777 285 833 b
312 776 473 834 secundum
497 794 563 850 spa·

110 866 204 940 tium,
241 865 320 939 quod
357 866 401 922 est
437 865 515 922 inter
547 865 563 922 b
635 877 662 935 d

111 957 142 1012 et
159 972 187 1022 c,
211 953 263 1029 qui
282 953 321 1011 sit
343 953 469 1012 circulus
489 955 562 1026 apd.
657 926 886 1032 *b

112 1042 144 1100 Si
177 1061 246 1119 ergo
276 1061 455 1117 unaqueque
492 1041 563 1099 dua·
619 1017 649 1074 'q

71 1145 97 1184 10
111 1151 177 1188 rum
199 1131 346 1188 linearum
364 1133 429 1204 obp
452 1134 482 1189 et
498 1132 565 1190 abd

111 1220 202 1278 fuerit
212 1222 303 1294 recta,
317 1238 497 1295 unaqueque
508 1220 564 1278 erit

112 1309 268 1382 diameter,
292 1309 433 1384 quoniam
456 1308 565 1367 transit

111 1417 165 1472 per
201 1400 349 1472 centrum,
386 1400 416 1456 et
448 1417 563 1473 queque

112 1505 214 1544 earum
236 1487 349 1545 dividet
372 1487 514 1544 circulum
531 1487 563 1544 in

72 1589 97 1629 15
112 1576 169 1634 duo
192 1575 302 1634 media:
331 1594 400 1652 ergo
425 1593 510 1633 arcus
534 1576 600 1648 apd
624 1576 668 1632 est
691 1573 805 1649 equalis
828 1573 912 1632 arcui
940 1591 994 1646 op,
1027 1573 1125 1631 maior

111 1664 224 1723 scilicet
246 1664 367 1738 minori,
392 1659 396 1742 l
422 1662 503 1738 quod
530 1665 576 1720 est
598 1662 788 1738 impossibile.
838 1663 918 1738 Ergo
941 1662 1034 1736 linea,
1063 1681 1124 1737 que
1145 1668 1172 1716 11

111 1752 296 1828 protrahitur
323 1751 483 1810 secundum
507 1751 734 1810 continuitatem
762 1755 792 1809 et
814 1751 1024 1810 rectitudinem
1046 1751 1125 1809 linee

113 1844 167 1916 ab,
191 1843 320 1899 estune
343 1840 423 1897 linea
446 1858 513 1897 cum
536 1832 613 1920 eal)

200 1929 285 1986 Dixit
308 1928 480 1986 Encnrnns:
510 1929 549 1986 Ut
569 1930 749 1988 describetur
772 1930 897 1987 circulos
920 1946 1013 2002 sopra
1036 1931 1126 2002 qood

72 2033 99 2073 ro
113 2019 180 2076 libet
196 2021 340 2091 peccem
362 2018 505 2090 quodlibet
525 2019 690 2092 occupando
714 2019 848 2090 spetlum.

202 2105 298 2181 Supra
323 2106 378 2164 hoc
402 2105 644 2165 Suuaunrcnros:
673 2105 811 2182 Spatium
837 2106 903 2164 vult
924 2106 1054 2182 intelligi
1076 2105 1126 2164 hio

112 2195 200 2269 illud,
228 2213 318 2270 supra
345 2195 425 2269 quod
453 2195 691 2253 circumducatur
714 2195 855 2269 circulus,
884 2198 914 2253 et
937 2197 981 2253 est
1003 2194 1126 2270 utrique

112 2283 238 2342 finitum.
279 2284 478 2359 Manifestum,
502 2284 590 2359 quod,
613 2284 639 2342 si
662 2286 707 2342 est
728 2283 878 2359 possibile,
900 2286 972 2341 uta
992 2283 1127 2359 quolibet

112 2375 224 2449 puncto
247 2373 441 2448 protrahatur
464 2373 544 2431 linea
566 2375 649 2431 recta
672 2373 711 2431 ad
734 2371 887 2448 quodlibet
909 2376 1067 2447 punctum,
1096 2376 1127 2431 et

74 2476 99 2516 rc
114 2462 240 2520 circulus
264 2465 317 2537 cst,
341 2463 393 2538 qui
415 2462 458 2537 fit,
481 2481 548 2520 cum
570 2461 674 2538 figitur
691 2481 785 2519 unum
804 2462 930 2520 duorum
947 2465 1128 2537 punctorum

112 2554 192 2609 recte
222 2551 312 2626 linea,
346 2551 425 2627 quod
455 2553 500 2610 est
527 2554 662 2610 centrum
689 2550 806 2623 circuli,
839 2553 869 2608 et
897 2550 1128 2609 circumducitur

114 2640 197 2698 aliud
225 2642 382 2716 punctum,
410 2640 502 2698 donec
529 2639 583 2698 fiat
611 2639 849 2698 circonferentia:
879 2658 947 2716 ergo
976 2639 1127 2714 possibile,

113 2732 149 2787 ut
176 2729 415 2787 circumducatur
441 2748 531 2804 supra
558 2728 711 2804 quodlibet
735 2730 881 2803 punctum
904 2728 1128 2802 quantumlibet

115 2818 285 2894 occupando
310 2818 442 2893 spatium
465 2809 633 2898 cneum.2)

74 2919 101 2959 ³0
203 2907 286 2964 Dixit
305 2907 476 2965 Eucurnus:
494 2907 538 2964 Et
553 2911 587 2965 ct
603 2923 701 2965 onmes
719 2907 821 2980 capell
838 2908 907 2964 recti
925 2908 985 2964 stet
1003 2907 1127 2979 equales.

205 2994 300 3071 Supra
327 2996 382 3053 hoc
407 2994 650 3054 Sannunrcfflus:
680 2993 738 3063 Qui
764 2995 818 3052 hec
845 2994 936 3053 verba
964 2995 1129 3053 secundum

114 3084 243 3160 logicam
265 3086 468 3160 perscrutatus
488 3084 587 3158 fuerit,
611 3083 767 3159 apparebit
786 3083 814 3140 ei
831 3083 884 3142 heo
903 3084 1014 3143 veritas
1033 3085 1127 3142 mani-

115 3174 201 3248 festa,
221 3176 251 3231 et
267 3175 323 3232 hoc
342 3176 395 3247 est,
414 3173 501 3248 quod,
520 3173 546 3232 si
564 3172 670 3249 anguli
687 3172 761 3230 recti
779 3175 858 3247 sunt,
878 3172 929 3248 qui
946 3173 1129 3248 proveniunt

189 3325 213 3392 1)
232 3323 309 3377 Haec
328 3323 529 3378 demonstratio
543 3340 600 3377 non
615 3325 658 3377 eet
671 3322 782 3391 Arabio,
801 3325 833 3376 ut
846 3323 1013 3377 Hnmnnmus
1030 3325 1129 3394 credit,

116 3395 165 3449 sed
192 3394 250 3448 iam
278 3395 352 3464 apud
380 3395 509 3447 Paocnun
533 3400 599 3463 216,
624 3399 692 3447 1-9
719 3394 831 3462 legitur.
879 3394 1011 3449 Conferat
1040 3395 1130 3450 ctiam

115 3467 257 3520 Encnmnu
274 3465 422 3518 Humanam
439 3464 493 3520 vol.
509 3465 542 3532 V,
563 3471 711 3534 occ-599,
731 3465 868 3520 scholium
884 3472 924 3520 17.
951 3499 986 3506 -
1012 3469 1039 3536 2)
1062 3467 1130 3520 Hur-

80 3555 228 3630 *rancura
247 3554 275 3605 p.
292 3542 324 3589 21
344 3535 391 3589 hic
409 3535 510 3590 laudat
527 3536 658 3590 Pnocnnu
678 3543 737 3604 186,
758 3543 790 3591 19
801 3555 841 3604 aq.
