2408 3848
111 169 154 233 80
398 169 564 224 ANARITII
583 167 839 224 COMMENTARII

197 337 360 397 Intentio
384 338 545 396 secunda.
584 337 615 396 Si
629 341 689 396 tres
704 337 780 396 lineo
794 337 873 396 inter
887 337 961 396 duas
975 337 1071 397 lineas
1086 338 1125 397 ab

110 430 140 485 et
165 427 210 500 qd
237 426 476 501 pertransierint,
510 446 568 501 que
594 427 654 484 sint
686 426 914 502 equidistantes,
945 445 1009 486 sese
1039 445 1125 503 supra

110 535 203 573 unum
221 518 367 590 punctum
391 517 533 589 secantes,
557 515 633 574 sieut
655 516 732 573 linee
756 517 812 591 ad,
837 517 889 590 by,
914 533 948 575 er
978 534 1008 574 se
1040 534 1126 592 supra

110 607 254 680 punotum
271 606 290 662 b
309 607 419 678 secant,
443 624 513 681 ergo
537 604 563 663 si
585 605 664 663 linea
680 623 721 679 pa
739 605 830 663 fuerit
848 604 964 680 equalis
983 605 1062 663 linee
1079 606 1126 678 sd,

83 694 190 754 alinea
213 711 254 752 ue
278 693 335 751 erit
357 693 471 769 equalis
494 692 571 750 linee
595 696 640 768 eb,
664 694 743 769 quod
767 693 858 752 etiam
876 693 936 752 alia
955 694 1040 770 prius
1060 694 1126 752 affe·

110 783 201 842 rendo
234 782 414 858 explanabo:
448 781 524 841 Cum
549 783 642 841 fuerit
664 783 744 840 linea
772 784 814 842 ab
841 782 937 841 maior
968 782 1051 841 linea
1077 783 1128 856 bd,

110 877 183 932 tuno
206 873 286 930 linea
309 873 350 931 bb
372 871 430 930 erit
452 871 547 929 maior
570 873 649 929 linea
672 874 724 947 b93
749 875 780 930 et
802 871 828 930 si
845 871 938 930 fuerit
957 872 1075 947 equalis
1094 871 1128 946 ei,

111 1693 181 1751 ergo
203 1674 270 1749 ipsa
294 1673 351 1732 erit
373 1673 489 1748 equalis
514 1673 553 1744 ei;
577 1676 608 1730 et
630 1672 765 1730 siluerit
783 1671 880 1732 minor
899 1690 943 1744 ea,
966 1676 1040 1731 tuno
1064 1673 1128 1749 ipsa

111 1764 169 1821 erit
191 1763 288 1821 minor
311 1782 353 1820 ea.
399 1762 514 1820 Ponam
536 1762 648 1838 itaque,
671 1764 706 1820 ut
728 1762 771 1819 ub
794 1761 834 1819 sit
856 1761 952 1819 maior
974 1762 1035 1821 bd:
1068 1762 1130 1820 dieo

72 1852 212 1928 inigitur,
236 1851 317 1926 quod
340 1851 379 1909 bb
402 1853 447 1908 est
469 1850 566 1908 minor
588 1852 636 1925 by.
679 1849 763 1919 Quod
787 1850 812 1908 si
835 1869 895 1910 non
917 1850 1012 1908 fuerit
1036 1852 1130 1911 maior

113 1958 156 2013 ea,
180 1959 250 2017 ergo
274 1940 331 1997 erit
350 1942 403 1997 aut
426 1939 541 2015 equalis
566 1940 602 2014 ei,
626 1942 680 1997 aut
702 1939 799 1998 minor
822 1958 864 1997 ea.
911 1939 1029 1999 Ponam
1053 1947 1129 2018 ergo,

111 2032 146 2086 ut
169 2029 208 2086 eit
226 2028 254 2086 ei
273 2028 396 2104 equalis,
420 2031 449 2086 et
466 2029 640 2104 protraham
662 2030 703 2087 bd
721 2047 816 2103 usque
839 2028 934 2103 adm,
958 2027 1053 2088 donee
1076 2028 1126 2088 sei-

111 2117 182 2176 lioet
205 2117 244 2175 sit
267 2118 382 2193 equalis
401 2119 451 2177 ab.
492 2118 572 2196 Ergo
592 2119 651 2177 duo
670 2118 767 2175 latera
786 2118 837 2191 ab,
858 2118 900 2176 bb
919 2119 992 2176 sunt
1009 2117 1127 2194 aqualia

112 2206 226 2265 duobus
249 2207 393 2265 lateribus
415 2208 476 2281 mle,
499 2209 552 2283 by,
577 2210 607 2265 et
630 2207 757 2284 angulus
781 2207 846 2265 bbo
869 2208 914 2264 est
936 2207 1056 2281 equalis
1080 2225 1126 2266 an·
1170 2196 1172 2215 '

73 2313 98 2353 15
113 2296 183 2373 gulo
211 2297 299 2371 mbo,
331 2296 411 2372 quod
439 2296 559 2372 quidem
586 2296 779 2354 manifestum
811 2297 856 2353 est
889 2315 924 2353 ex
954 2295 1128 2370 probatione

112 2385 208 2462 figure
230 2386 291 2443 150.
339 2384 397 2444 Sed
416 2405 451 2443 ex
469 2385 646 2461 probatione
665 2384 759 2462 figure
780 2387 885 2460 quarte
905 2383 962 2442 erit
981 2384 1064 2444 basis
1082 2401 1128 2457 my

114 2474 227 2549 equalis
250 2475 316 2533 basi
339 2476 393 2549 bo,
422 2478 451 2533 et
473 2475 582 2549 reliqui
610 2475 713 2550 anguli
744 2477 830 2532 erunt
858 2473 981 2548 equales
1009 2472 1128 2550 reliquis

114 2563 246 2640 angulis:
271 2584 340 2641 ergo
365 2564 493 2641 angulus
516 2565 592 2637 bom
615 2565 660 2621 est
683 2563 797 2638 equalis
822 2562 934 2639 angulo
957 2563 1032 2622 abb.
1084 2561 1127 2620 Se·

115 2652 244 2710 eundum
266 2653 474 2728 probationem
498 2671 567 2729 ergo
593 2654 648 2710 27Θ
671 2651 765 2729 figure
794 2651 851 2710 erit
877 2651 958 2709 linea
982 2653 1024 2710 ab
1054 2649 1128 2728 equi·

74 2760 101 2800 ao
115 2741 228 2800 distans
243 2741 320 2800 linee
333 2761 394 2817 pm,
417 2761 486 2820 ergo
502 2742 559 2800 erit
573 2741 734 2799 seeundum
747 2739 954 2816 probationem
968 2739 1064 2818 figure
1079 2739 1128 2801 30Θ

114 2829 192 2888 linea
217 2849 271 2904 pm
300 2831 484 2906 equidistans
511 2831 588 2888 linee
614 2832 666 2904 qd.
723 2830 780 2888 Sed
809 2829 873 2905 ipse
903 2829 1129 2907 coniunguntur,

115 2919 193 2994 quod
221 2923 267 2978 est
294 2920 478 2978 eontrarium
506 2922 536 2978 et
563 2919 760 2994 impossibile:
792 2939 862 2996 ergo
890 2918 971 2976 linea
1004 2920 1048 2977 bb
1075 2936 1129 2978 non

114 3012 160 3066 est
183 3009 298 3084 equalis
321 3009 398 3067 linee
420 3010 469 3083 by.
522 3009 636 3068 Ponam
660 3011 774 3082 autem,
803 3007 883 3083 quod
906 3007 946 3065 sit
968 3007 1069 3067 minor
1091 3024 1129 3079 ea,

115 3101 145 3156 et
164 3099 268 3156 seoabo
283 3099 326 3156 bb
344 3099 481 3173 equalem
500 3099 548 3171 bb,
573 3101 603 3155 et
620 3098 794 3173 protraham
813 3098 871 3154 bm.
909 3095 1046 3156 Monstro
1065 3113 1130 3174 ergo
1171 3112 1173 3141 Ι

74 3187 276 3246 sesecundum
299 3187 494 3262 equalitatem
516 3187 606 3260 illiue,
632 3187 710 3262 quod
729 3188 780 3245 bm
799 3185 963 3261 equidistat
982 3187 1033 3261 ba,
1057 3183 1133 3263 quod

116 3275 236 3351 quidem
255 3279 300 3334 est
319 3276 509 3350 eontrarium,
528 3295 595 3334 eum
613 3276 693 3333 linea
707 3277 749 3334 bo
762 3275 855 3333 fuerit
874 3273 1063 3349 equidistans
1077 3276 1134 3349 dy:

115 3384 185 3442 ergo
210 3367 250 3424 bb
273 3385 333 3423 non
357 3367 402 3423 est
424 3365 521 3424 minor
543 3367 596 3440 by,
625 3384 695 3441 ergo
718 3365 785 3440 ipsa
809 3368 853 3423 est
876 3363 972 3421 maior
1000 3383 1046 3423 ea
1096 3363 1135 3423 at

188 3561 227 3609 12.
248 3570 365 3623 rusque.
386 3586 419 3593 —
440 3559 480 3607 14,
503 3571 519 3606 a
538 3552 656 3606 duobus.
