<?xml version="1.0" encoding="UTF-8"?>
<!DOCTYPE html PUBLIC "-//W3C//DTD XHTML 1.0 Transitional//EN"
    "http://www.w3.org/TR/xhtml1/DTD/xhtml1-transitional.dtd">
<html xmlns="http://www.w3.org/1999/xhtml" xml:lang="en" lang="en">
 <head>
  <title>
</title>
<meta http-equiv="Content-Type" content="text/html;charset=utf-8" />
  <meta name='ocr-system' content='tesseract 3.04.00' />
  <meta name='ocr-capabilities' content='ocr_page ocr_carea ocr_par ocr_line ocrx_word'/>
</head>
<body>
  <div class='ocr_page' id='page_1' title='image "./euclidisoperaom18unkngoog/euclidisoperaom18unkngoog_0074.png"; bbox 0 0 2408 3848; ppageno 0'>
   <div class='ocr_carea' id='block_1_1' title="bbox 397 139 1086 205">
    <p class='ocr_par' dir='ltr' id='par_1_1' title="bbox 397 139 1086 205">
     <span class='ocr_line' id='line_1_1' title="bbox 397 139 1086 205; baseline 0.003 -10"><span class='ocrx_word' id='word_1_1' title='bbox 397 141 447 195; x_wconf 83' lang='lat' dir='ltr'><strong>AD</strong></span> <span class='ocrx_word' id='word_1_2' title='bbox 466 139 652 195; x_wconf 76' lang='lat' dir='ltr'><strong>aucummu</strong></span> <span class='ocrx_word' id='word_1_3' title='bbox 669 141 736 197; x_wconf 86' lang='lat' dir='ltr'><strong>LIB.</strong></span> <span class='ocrx_word' id='word_1_4' title='bbox 751 141 770 196; x_wconf 93' lang='grc' dir='ltr'><strong>Ι.</strong></span> <span class='ocrx_word' id='word_1_5' title='bbox 1045 141 1086 205; x_wconf 81' lang='grc'><strong>37</strong></span> 
     </span>
    </p>
   </div>
   <div class='ocr_carea' id='block_1_2' title="bbox 76 309 1154 3234">
    <p class='ocr_par' dir='ltr' id='par_1_2' title="bbox 76 309 1133 832">
     <span class='ocr_line' id='line_1_2' title="bbox 77 309 1093 386; baseline -0.001 -16"><span class='ocrx_word' id='word_1_6' title='bbox 77 329 158 370; x_wconf 89' lang='lat' dir='ltr'><strong>unus</strong></span> <span class='ocrx_word' id='word_1_7' title='bbox 181 310 272 369; x_wconf 89' lang='lat' dir='ltr'><strong>fuerit</strong></span> <span class='ocrx_word' id='word_1_8' title='bbox 294 310 388 368; x_wconf 86' lang='lat' dir='ltr'><strong>frater</strong></span> <span class='ocrx_word' id='word_1_9' title='bbox 411 309 474 368; x_wconf 92' lang='lat' dir='ltr'><strong>eius</strong></span> <span class='ocrx_word' id='word_1_10' title='bbox 497 331 531 369; x_wconf 91' lang='lat' dir='ltr'><strong>ex</strong></span> <span class='ocrx_word' id='word_1_11' title='bbox 554 311 640 386; x_wconf 88' lang='lat' dir='ltr'><strong>parte</strong></span> <span class='ocrx_word' id='word_1_12' title='bbox 662 310 776 385; x_wconf 86' lang='lat' dir='ltr'><strong>matris,</strong></span> <span class='ocrx_word' id='word_1_13' title='bbox 800 314 829 368; x_wconf 89' lang='lat' dir='ltr'><strong>et</strong></span> <span class='ocrx_word' id='word_1_14' title='bbox 852 310 928 368; x_wconf 88' lang='lat' dir='ltr'><strong>alter</strong></span> <span class='ocrx_word' id='word_1_15' title='bbox 951 329 985 368; x_wconf 90' lang='lat' dir='ltr'><strong>ex</strong></span> <span class='ocrx_word' id='word_1_16' title='bbox 1007 311 1093 385; x_wconf 88' lang='lat' dir='ltr'><strong>parte</strong></span> 
     </span>
     <span class='ocr_line' id='line_1_3' title="bbox 76 398 1094 476; baseline -0.001 -17"><span class='ocrx_word' id='word_1_17' title='bbox 76 400 183 476; x_wconf 86' lang='lat' dir='ltr'><strong>patris.</strong></span> <span class='ocrx_word' id='word_1_18' title='bbox 229 399 270 458; x_wconf 80' lang='lat' dir='ltr'><strong>Et</strong></span> <span class='ocrx_word' id='word_1_19' title='bbox 292 398 358 459; x_wconf 90' lang='lat' dir='ltr'><strong>ideo</strong></span> <span class='ocrx_word' id='word_1_20' title='bbox 381 401 508 475; x_wconf 89' lang='lat' dir='ltr'><strong>oportet,</strong></span> <span class='ocrx_word' id='word_1_21' title='bbox 536 403 572 458; x_wconf 93' lang='lat' dir='ltr'><strong>ut</strong></span> <span class='ocrx_word' id='word_1_22' title='bbox 594 400 699 458; x_wconf 90' lang='lat' dir='ltr'><strong>relatio</strong></span> <span class='ocrx_word' id='word_1_23' title='bbox 722 399 754 457; x_wconf 94' lang='lat' dir='ltr'><strong>in</strong></span> <span class='ocrx_word' id='word_1_24' title='bbox 776 399 832 459; x_wconf 89' lang='lat' dir='ltr'><strong>hoo</strong></span> <span class='ocrx_word' id='word_1_25' title='bbox 855 399 894 458; x_wconf 93' lang='lat' dir='ltr'><strong>sit</strong></span> <span class='ocrx_word' id='word_1_26' title='bbox 917 399 1041 475; x_wconf 82' lang='lat' dir='ltr'><strong>simplex</strong></span> <span class='ocrx_word' id='word_1_27' title='bbox 1064 402 1094 458; x_wconf 93' lang='lat' dir='ltr'><strong>et</strong></span> 
     </span>
     <span class='ocr_line' id='line_1_4' title="bbox 77 487 1093 564; baseline -0.001 -15"><span class='ocrx_word' id='word_1_28' title='bbox 77 489 117 549; x_wconf 87' lang='lat' dir='ltr'><strong>ab</strong></span> <span class='ocrx_word' id='word_1_29' title='bbox 141 507 201 546; x_wconf 91' lang='lat' dir='ltr'><strong>una</strong></span> <span class='ocrx_word' id='word_1_30' title='bbox 225 490 254 546; x_wconf 94' lang='lat' dir='ltr'><strong>et</strong></span> <span class='ocrx_word' id='word_1_31' title='bbox 278 487 379 546; x_wconf 89' lang='lat' dir='ltr'><strong>cadem</strong></span> <span class='ocrx_word' id='word_1_32' title='bbox 402 491 488 564; x_wconf 89' lang='lat' dir='ltr'><strong>parte</strong></span> <span class='ocrx_word' id='word_1_33' title='bbox 512 491 643 564; x_wconf 85' lang='lat' dir='ltr'><strong>accepta,</strong></span> <span class='ocrx_word' id='word_1_34' title='bbox 666 492 697 547; x_wconf 95' lang='lat' dir='ltr'><strong>et</strong></span> <span class='ocrx_word' id='word_1_35' title='bbox 719 508 778 547; x_wconf 90' lang='lat' dir='ltr'><strong>non</strong></span> <span class='ocrx_word' id='word_1_36' title='bbox 797 507 815 546; x_wconf 91' lang='lat' dir='ltr'><strong>a</strong></span> <span class='ocrx_word' id='word_1_37' title='bbox 832 489 935 546; x_wconf 91' lang='lat' dir='ltr'><strong>multis</strong></span> <span class='ocrx_word' id='word_1_38' title='bbox 957 488 1093 564; x_wconf 89' lang='lat' dir='ltr'><strong>partibus</strong></span> 
     </span>
     <span class='ocr_line' id='line_1_5' title="bbox 77 576 1094 653; baseline -0.003 -16"><span class='ocrx_word' id='word_1_39' title='bbox 77 577 214 653; x_wconf 83' lang='lat' dir='ltr'><strong>diversis,</strong></span> <span class='ocrx_word' id='word_1_40' title='bbox 238 576 484 652; x_wconf 87' lang='lat' dir='ltr'><strong>quemadmodum</strong></span> <span class='ocrx_word' id='word_1_41' title='bbox 502 577 534 635; x_wconf 94' lang='lat' dir='ltr'><strong>in</strong></span> <span class='ocrx_word' id='word_1_42' title='bbox 554 578 686 653; x_wconf 88' lang='lat' dir='ltr'><strong>exemplo</strong></span> <span class='ocrx_word' id='word_1_43' title='bbox 704 578 832 635; x_wconf 75' lang='lat' dir='ltr'><strong>fratrum</strong></span> <span class='ocrx_word' id='word_1_44' title='bbox 850 577 1042 652; x_wconf 83' lang='lat' dir='ltr'><strong>ostendimus,</strong></span> <span class='ocrx_word' id='word_1_45' title='bbox 1064 579 1094 636; x_wconf 93' lang='lat' dir='ltr'><strong>et</strong></span> 
     </span>
     <span class='ocr_line' id='line_1_6' title="bbox 76 665 1133 742; baseline -0.002 -16"><span class='ocrx_word' id='word_1_46' title='bbox 76 685 176 742; x_wconf 87' lang='lat' dir='ltr'><strong>neque</strong></span> <span class='ocrx_word' id='word_1_47' title='bbox 200 666 365 742; x_wconf 74' lang='lat' dir='ltr'><strong>accipiatur</strong></span> <span class='ocrx_word' id='word_1_48' title='bbox 388 685 406 724; x_wconf 91' lang='lat' dir='ltr'><strong>a</strong></span> <span class='ocrx_word' id='word_1_49' title='bbox 428 665 536 724; x_wconf 89' lang='lat' dir='ltr'><strong>maiori</strong></span> <span class='ocrx_word' id='word_1_50' title='bbox 558 685 653 742; x_wconf 88' lang='lat' dir='ltr'><strong>neque</strong></span> <span class='ocrx_word' id='word_1_51' title='bbox 672 685 690 724; x_wconf 94' lang='lat' dir='ltr'><strong>a</strong></span> <span class='ocrx_word' id='word_1_52' title='bbox 712 666 832 742; x_wconf 84' lang='lat' dir='ltr'><strong>minori,</strong></span> <span class='ocrx_word' id='word_1_53' title='bbox 864 666 940 725; x_wconf 90' lang='lat' dir='ltr'><strong>sicut</strong></span> <span class='ocrx_word' id='word_1_54' title='bbox 967 666 1094 725; x_wconf 85' lang='lat' dir='ltr'><strong>diximus</strong></span> <span class='ocrx_word' id='word_1_55' title='bbox 1120 677 1133 718; x_wconf 81' lang='lat'><strong>5</strong></span> 
     </span>
     <span class='ocr_line' id='line_1_7' title="bbox 77 754 666 832; baseline -0.002 -18"><span class='ocrx_word' id='word_1_56' title='bbox 77 757 112 815; x_wconf 90' lang='lat' dir='ltr'><strong>in</strong></span> <span class='ocrx_word' id='word_1_57' title='bbox 135 756 191 830; x_wconf 88' lang='lat' dir='ltr'><strong>his,</strong></span> <span class='ocrx_word' id='word_1_58' title='bbox 214 774 271 831; x_wconf 89' lang='lat' dir='ltr'><strong>que</strong></span> <span class='ocrx_word' id='word_1_59' title='bbox 294 755 363 813; x_wconf 87' lang='lat' dir='ltr'><strong>sunt</strong></span> <span class='ocrx_word' id='word_1_60' title='bbox 385 754 521 832; x_wconf 79' lang='lat' dir='ltr'><strong>longiora</strong></span> <span class='ocrx_word' id='word_1_61' title='bbox 543 775 603 813; x_wconf 91' lang='lat' dir='ltr'><strong>una</strong></span> <span class='ocrx_word' id='word_1_62' title='bbox 625 775 666 814; x_wconf 92' lang='lat' dir='ltr'><strong>re.</strong></span> 
     </span>
    </p>

    <p class='ocr_par' dir='ltr' id='par_1_3' title="bbox 76 843 1095 1008">
     <span class='ocr_line' id='line_1_8' title="bbox 169 843 1095 918; baseline 0.002 -16"><span class='ocrx_word' id='word_1_63' title='bbox 169 843 255 902; x_wconf 87' lang='lat' dir='ltr'><strong>Dixit</strong></span> <span class='ocrx_word' id='word_1_64' title='bbox 272 844 445 904; x_wconf 80' lang='lat' dir='ltr'><strong>Eucnmns:</strong></span> <span class='ocrx_word' id='word_1_65' title='bbox 465 843 500 903; x_wconf 80' lang='lat' dir='ltr'><strong>Si</strong></span> <span class='ocrx_word' id='word_1_66' title='bbox 518 847 668 918; x_wconf 73' lang='lat' dir='ltr'><strong>equalibus</strong></span> <span class='ocrx_word' id='word_1_67' title='bbox 687 845 802 918; x_wconf 76' lang='lat' dir='ltr'><strong>equatio</strong></span> <span class='ocrx_word' id='word_1_68' title='bbox 821 845 978 913; x_wconf 74' lang='lat' dir='ltr'><strong>adducetur,</strong></span> <span class='ocrx_word' id='word_1_69' title='bbox 997 847 1095 904; x_wconf 70' lang='lat' dir='ltr'><strong>cerroto</strong></span> 
     </span>
     <span class='ocr_line' id='line_1_9' title="bbox 76 934 293 1008; baseline -0.005 -16"><span class='ocrx_word' id='word_1_70' title='bbox 76 934 148 1008; x_wconf 75' lang='lat' dir='ltr'><strong>ficri</strong></span> <span class='ocrx_word' id='word_1_71' title='bbox 171 935 293 1006; x_wconf 62' lang='lat' dir='ltr'><strong>maulia</strong></span> 
     </span>
    </p>

    <p class='ocr_par' dir='ltr' id='par_1_4' title="bbox 77 1020 1135 1721">
     <span class='ocr_line' id='line_1_10' title="bbox 172 1020 1094 1098; baseline 0 -18"><span class='ocrx_word' id='word_1_72' title='bbox 172 1021 268 1098; x_wconf 84' lang='lat' dir='ltr'><strong>Supra</strong></span> <span class='ocrx_word' id='word_1_73' title='bbox 290 1021 346 1080; x_wconf 92' lang='lat' dir='ltr'><strong>hoo</strong></span> <span class='ocrx_word' id='word_1_74' title='bbox 370 1020 614 1082; x_wconf 79' lang='lat' dir='ltr'><strong>Sarmnmcmus:</strong></span> <span class='ocrx_word' id='word_1_75' title='bbox 637 1021 721 1081; x_wconf 83' lang='lat' dir='ltr'><strong>Licet</strong></span> <span class='ocrx_word' id='word_1_76' title='bbox 743 1022 831 1081; x_wconf 92' lang='lat' dir='ltr'><strong>huius</strong></span> <span class='ocrx_word' id='word_1_77' title='bbox 849 1023 976 1082; x_wconf 89' lang='lat' dir='ltr'><strong>intentio</strong></span> <span class='ocrx_word' id='word_1_78' title='bbox 998 1023 1094 1081; x_wconf 90' lang='lat' dir='ltr'><strong>decla-</strong></span> 
     </span>
     <span class='ocr_line' id='line_1_11' title="bbox 77 1111 1135 1187; baseline -0.003 -16"><span class='ocrx_word' id='word_1_79' title='bbox 77 1115 164 1171; x_wconf 86' lang='lat' dir='ltr'><strong>retur</strong></span> <span class='ocrx_word' id='word_1_80' title='bbox 188 1131 222 1169; x_wconf 93' lang='lat' dir='ltr'><strong>ex</strong></span> <span class='ocrx_word' id='word_1_81' title='bbox 244 1111 373 1169; x_wconf 87' lang='lat' dir='ltr'><strong>numeris</strong></span> <span class='ocrx_word' id='word_1_82' title='bbox 400 1111 571 1187; x_wconf 84' lang='lat' dir='ltr'><strong>manifeste,</strong></span> <span class='ocrx_word' id='word_1_83' title='bbox 598 1113 699 1170; x_wconf 92' lang='lat' dir='ltr'><strong>tamen</strong></span> <span class='ocrx_word' id='word_1_84' title='bbox 726 1132 780 1187; x_wconf 87' lang='lat' dir='ltr'><strong>per</strong></span> <span class='ocrx_word' id='word_1_85' title='bbox 806 1131 837 1171; x_wconf 92' lang='lat' dir='ltr'><strong>se</strong></span> <span class='ocrx_word' id='word_1_86' title='bbox 864 1113 1023 1171; x_wconf 84' lang='lat' dir='ltr'><strong>manifesta</strong></span> <span class='ocrx_word' id='word_1_87' title='bbox 1051 1113 1135 1170; x_wconf 77' lang='lat' dir='ltr'><strong>estro</strong></span> 
     </span>
     <span class='ocr_line' id='line_1_12' title="bbox 79 1199 1096 1276; baseline 0 -17"><span class='ocrx_word' id='word_1_88' title='bbox 79 1203 113 1259; x_wconf 92' lang='lat' dir='ltr'><strong>et</strong></span> <span class='ocrx_word' id='word_1_89' title='bbox 134 1203 262 1276; x_wconf 86' lang='lat' dir='ltr'><strong>recepta.</strong></span> <span class='ocrx_word' id='word_1_90' title='bbox 313 1199 372 1258; x_wconf 92' lang='lat' dir='ltr'><strong>Per</strong></span> <span class='ocrx_word' id='word_1_91' title='bbox 398 1218 429 1258; x_wconf 90' lang='lat' dir='ltr'><strong>se</strong></span> <span class='ocrx_word' id='word_1_92' title='bbox 457 1204 558 1259; x_wconf 92' lang='lat' dir='ltr'><strong>autem</strong></span> <span class='ocrx_word' id='word_1_93' title='bbox 588 1203 660 1259; x_wconf 91' lang='lat' dir='ltr'><strong>nota</strong></span> <span class='ocrx_word' id='word_1_94' title='bbox 687 1201 740 1259; x_wconf 86' lang='lat' dir='ltr'><strong>hec</strong></span> <span class='ocrx_word' id='word_1_95' title='bbox 767 1201 934 1276; x_wconf 87' lang='lat' dir='ltr'><strong>antiquitus</strong></span> <span class='ocrx_word' id='word_1_96' title='bbox 961 1220 1020 1259; x_wconf 91' lang='lat' dir='ltr'><strong>non</strong></span> <span class='ocrx_word' id='word_1_97' title='bbox 1051 1201 1096 1259; x_wconf 92' lang='lat' dir='ltr'><strong>in·</strong></span> 
     </span>
     <span class='ocr_line' id='line_1_13' title="bbox 78 1281 1095 1365; baseline -0.002 -16"><span class='ocrx_word' id='word_1_98' title='bbox 78 1289 244 1350; x_wconf 78' lang='lat' dir='ltr'><strong>veniuntur</strong></span> <span class='ocrx_word' id='word_1_99' title='bbox 269 1288 328 1346; x_wconf 90' lang='lat' dir='ltr'><strong>nisi</strong></span> <span class='ocrx_word' id='word_1_100' title='bbox 354 1289 422 1346; x_wconf 87' lang='lat' dir='ltr'><strong>tria.</strong></span> <span class='ocrx_word' id='word_1_101' title='bbox 430 1281 453 1362; x_wconf 83' lang='lat'><strong>¹)</strong></span> <span class='ocrx_word' id='word_1_102' title='bbox 505 1289 541 1346; x_wconf 92' lang='lat' dir='ltr'><strong>In</strong></span> <span class='ocrx_word' id='word_1_103' title='bbox 563 1289 711 1348; x_wconf 85' lang='lat' dir='ltr'><strong>modernis</strong></span> <span class='ocrx_word' id='word_1_104' title='bbox 738 1309 808 1348; x_wconf 80' lang='lat' dir='ltr'><strong>vero</strong></span> <span class='ocrx_word' id='word_1_105' title='bbox 837 1290 955 1365; x_wconf 86' lang='lat' dir='ltr'><strong>scriptis</strong></span> <span class='ocrx_word' id='word_1_106' title='bbox 983 1290 1095 1348; x_wconf 83' lang='lat' dir='ltr'><strong>inveni-</strong></span> 
     </span>
     <span class='ocr_line' id='line_1_14' title="bbox 78 1377 1095 1455; baseline 0 -18"><span class='ocrx_word' id='word_1_107' title='bbox 78 1382 174 1438; x_wconf 92' lang='lat' dir='ltr'><strong>untur</strong></span> <span class='ocrx_word' id='word_1_108' title='bbox 197 1378 256 1436; x_wconf 88' lang='lat' dir='ltr'><strong>tria</strong></span> <span class='ocrx_word' id='word_1_109' title='bbox 279 1377 390 1453; x_wconf 84' lang='lat' dir='ltr'><strong>addita,</strong></span> <span class='ocrx_word' id='word_1_110' title='bbox 415 1397 471 1453; x_wconf 91' lang='lat' dir='ltr'><strong>que</strong></span> <span class='ocrx_word' id='word_1_111' title='bbox 495 1396 554 1436; x_wconf 93' lang='lat' dir='ltr'><strong>non</strong></span> <span class='ocrx_word' id='word_1_112' title='bbox 577 1378 712 1455; x_wconf 86' lang='lat' dir='ltr'><strong>indigent</strong></span> <span class='ocrx_word' id='word_1_113' title='bbox 736 1379 931 1454; x_wconf 80' lang='lat' dir='ltr'><strong>expositione,</strong></span> <span class='ocrx_word' id='word_1_114' title='bbox 960 1382 990 1437; x_wconf 90' lang='lat' dir='ltr'><strong>et</strong></span> <span class='ocrx_word' id='word_1_115' title='bbox 1017 1378 1095 1437; x_wconf 90' lang='lat' dir='ltr'><strong>simi-</strong></span> 
     </span>
     <span class='ocr_line' id='line_1_15' title="bbox 78 1467 1096 1543; baseline -0.001 -17"><span class='ocrx_word' id='word_1_116' title='bbox 78 1469 153 1526; x_wconf 88' lang='lat' dir='ltr'><strong>liter</strong></span> <span class='ocrx_word' id='word_1_117' title='bbox 180 1485 228 1542; x_wconf 85' lang='lat' dir='ltr'><strong>ea,</strong></span> <span class='ocrx_word' id='word_1_118' title='bbox 258 1486 315 1543; x_wconf 93' lang='lat' dir='ltr'><strong>que</strong></span> <span class='ocrx_word' id='word_1_119' title='bbox 343 1468 523 1542; x_wconf 86' lang='lat' dir='ltr'><strong>sequuntur,</strong></span> <span class='ocrx_word' id='word_1_120' title='bbox 551 1467 692 1542; x_wconf 88' lang='lat' dir='ltr'><strong>quoniam</strong></span> <span class='ocrx_word' id='word_1_121' title='bbox 719 1469 789 1525; x_wconf 92' lang='lat' dir='ltr'><strong>sunt</strong></span> <span class='ocrx_word' id='word_1_122' title='bbox 815 1467 981 1525; x_wconf 87' lang='lat' dir='ltr'><strong>manifesta.</strong></span> <span class='ocrx_word' id='word_1_123' title='bbox 1034 1467 1096 1526; x_wconf 90' lang='lat' dir='ltr'><strong>Hcc</strong></span> 
     </span>
     <span class='ocr_line' id='line_1_16' title="bbox 79 1555 1135 1633; baseline -0.001 -18"><span class='ocrx_word' id='word_1_124' title='bbox 79 1559 183 1616; x_wconf 87' lang='lat' dir='ltr'><strong>autem</strong></span> <span class='ocrx_word' id='word_1_125' title='bbox 210 1555 276 1613; x_wconf 91' lang='lat' dir='ltr'><strong>ideo</strong></span> <span class='ocrx_word' id='word_1_126' title='bbox 304 1556 402 1631; x_wconf 90' lang='lat' dir='ltr'><strong>posita</strong></span> <span class='ocrx_word' id='word_1_127' title='bbox 429 1556 565 1630; x_wconf 83' lang='lat' dir='ltr'><strong>fuerunt,</strong></span> <span class='ocrx_word' id='word_1_128' title='bbox 594 1559 629 1614; x_wconf 93' lang='lat' dir='ltr'><strong>ut</strong></span> <span class='ocrx_word' id='word_1_129' title='bbox 660 1575 719 1614; x_wconf 93' lang='lat' dir='ltr'><strong>non</strong></span> <span class='ocrx_word' id='word_1_130' title='bbox 747 1560 844 1616; x_wconf 90' lang='lat' dir='ltr'><strong>essent</strong></span> <span class='ocrx_word' id='word_1_131' title='bbox 871 1557 902 1613; x_wconf 94' lang='lat' dir='ltr'><strong>in</strong></span> <span class='ocrx_word' id='word_1_132' title='bbox 933 1557 1096 1633; x_wconf 84' lang='lat' dir='ltr'><strong>geometria</strong></span> <span class='ocrx_word' id='word_1_133' title='bbox 1110 1564 1135 1606; x_wconf 82' lang='lat'><strong>1⁵</strong></span> 
     </span>
     <span class='ocr_line' id='line_1_17' title="bbox 80 1644 831 1721; baseline -0.001 -17"><span class='ocrx_word' id='word_1_134' title='bbox 80 1646 186 1721; x_wconf 88' lang='lat' dir='ltr'><strong>aliqua</strong></span> <span class='ocrx_word' id='word_1_135' title='bbox 208 1644 336 1721; x_wconf 88' lang='lat' dir='ltr'><strong>probata</strong></span> <span class='ocrx_word' id='word_1_136' title='bbox 360 1663 395 1702; x_wconf 89' lang='lat' dir='ltr'><strong>ex</strong></span> <span class='ocrx_word' id='word_1_137' title='bbox 417 1645 572 1720; x_wconf 90' lang='lat' dir='ltr'><strong>principiis</strong></span> <span class='ocrx_word' id='word_1_138' title='bbox 595 1665 655 1705; x_wconf 94' lang='lat' dir='ltr'><strong>non</strong></span> <span class='ocrx_word' id='word_1_139' title='bbox 678 1645 831 1704; x_wconf 89' lang='lat' dir='ltr'><strong>concessis.</strong></span> 
     </span>
    </p>

    <p class='ocr_par' dir='ltr' id='par_1_5' title="bbox 78 1725 1135 2078">
     <span class='ocr_line' id='line_1_18' title="bbox 172 1725 1096 1811; baseline -0.002 -19"><span class='ocrx_word' id='word_1_140' title='bbox 172 1725 328 1810; x_wconf 60' lang='lat' dir='ltr'><strong>Qurnaffl)</strong></span> <span class='ocrx_word' id='word_1_141' title='bbox 347 1753 417 1793; x_wconf 83' lang='lat' dir='ltr'><strong>vero</strong></span> <span class='ocrx_word' id='word_1_142' title='bbox 437 1733 553 1793; x_wconf 85' lang='lat' dir='ltr'><strong>addidit</strong></span> <span class='ocrx_word' id='word_1_143' title='bbox 571 1754 625 1810; x_wconf 94' lang='lat' dir='ltr'><strong>pro</strong></span> <span class='ocrx_word' id='word_1_144' title='bbox 644 1755 697 1811; x_wconf 89' lang='lat' dir='ltr'><strong>per</strong></span> <span class='ocrx_word' id='word_1_145' title='bbox 715 1754 745 1793; x_wconf 92' lang='lat' dir='ltr'><strong>se</strong></span> <span class='ocrx_word' id='word_1_146' title='bbox 765 1739 844 1811; x_wconf 81' lang='lat' dir='ltr'><strong>noto,</strong></span> <span class='ocrx_word' id='word_1_147' title='bbox 864 1733 988 1794; x_wconf 87' lang='lat' dir='ltr'><strong>scilicet:</strong></span> <span class='ocrx_word' id='word_1_148' title='bbox 1014 1730 1096 1791; x_wconf 72' lang='lat' dir='ltr'><strong>(lum</strong></span> 
     </span>
     <span class='ocr_line' id='line_1_19' title="bbox 80 1822 1095 1899; baseline -0.002 -17"><span class='ocrx_word' id='word_1_149' title='bbox 80 1842 191 1899; x_wconf 90' lang='lat' dir='ltr'><strong>super</strong></span> <span class='ocrx_word' id='word_1_150' title='bbox 215 1822 363 1898; x_wconf 86' lang='lat' dir='ltr'><strong>equalia</strong></span> <span class='ocrx_word' id='word_1_151' title='bbox 386 1822 512 1882; x_wconf 89' lang='lat' dir='ltr'><strong>addita</strong></span> <span class='ocrx_word' id='word_1_152' title='bbox 535 1824 673 1882; x_wconf 90' lang='lat' dir='ltr'><strong>fuerint</strong></span> <span class='ocrx_word' id='word_1_153' title='bbox 696 1824 851 1899; x_wconf 82' lang='lat' dir='ltr'><strong>diversa,</strong></span> <span class='ocrx_word' id='word_1_154' title='bbox 880 1823 949 1882; x_wconf 93' lang='lat' dir='ltr'><strong>erit</strong></span> <span class='ocrx_word' id='word_1_155' title='bbox 972 1840 1095 1897; x_wconf 90' lang='lat' dir='ltr'><strong>super·</strong></span> 
     </span>
     <span class='ocr_line' id='line_1_20' title="bbox 78 1910 1096 1989; baseline -0.003 -18"><span class='ocrx_word' id='word_1_156' title='bbox 78 1912 215 1972; x_wconf 87' lang='lat' dir='ltr'><strong>fluitas</strong></span> <span class='ocrx_word' id='word_1_157' title='bbox 230 1931 361 1970; x_wconf 91' lang='lat' dir='ltr'><strong>summe</strong></span> <span class='ocrx_word' id='word_1_158' title='bbox 376 1930 483 1987; x_wconf 90' lang='lat' dir='ltr'><strong>super</strong></span> <span class='ocrx_word' id='word_1_159' title='bbox 497 1931 666 1972; x_wconf 91' lang='lat' dir='ltr'><strong>summam</strong></span> <span class='ocrx_word' id='word_1_160' title='bbox 685 1913 826 1989; x_wconf 90' lang='lat' dir='ltr'><strong>equalis</strong></span> <span class='ocrx_word' id='word_1_161' title='bbox 841 1910 1096 1988; x_wconf 89' lang='lat' dir='ltr'><strong>superfluitati</strong></span> 
     </span>
     <span class='ocr_line' id='line_1_21' title="bbox 81 2001 1135 2078; baseline -0.003 -17"><span class='ocrx_word' id='word_1_162' title='bbox 81 2001 202 2061; x_wconf 89' lang='lat' dir='ltr'><strong>additi</strong></span> <span class='ocrx_word' id='word_1_163' title='bbox 225 2019 331 2076; x_wconf 91' lang='lat' dir='ltr'><strong>super</strong></span> <span class='ocrx_word' id='word_1_164' title='bbox 354 2001 530 2078; x_wconf 81' lang='lat' dir='ltr'><strong>additum,</strong></span> <span class='ocrx_word' id='word_1_165' title='bbox 555 2005 585 2060; x_wconf 99' lang='grc' dir='ltr'><strong>εὴ</strong></span> <span class='ocrx_word' id='word_1_166' title='bbox 607 2002 714 2078; x_wconf 92' lang='lat' dir='ltr'><strong>probat</strong></span> <span class='ocrx_word' id='word_1_167' title='bbox 731 2003 787 2061; x_wconf 95' lang='lat' dir='ltr'><strong>hoc</strong></span> <span class='ocrx_word' id='word_1_168' title='bbox 804 2002 900 2063; x_wconf 92' lang='lat' dir='ltr'><strong>modo.</strong></span> <span class='ocrx_word' id='word_1_169' title='bbox 944 2001 1135 2060; x_wconf 72' lang='lat' dir='ltr'><strong>ponamusu</strong></span> 
     </span>
    </p>

    <p class='ocr_par' dir='ltr' id='par_1_6' title="bbox 81 2090 1137 3058">
     <span class='ocr_line' id='line_1_22' title="bbox 722 2090 1092 2166; baseline 0 -18"><span class='ocrx_word' id='word_1_170' title='bbox 722 2090 795 2149; x_wconf 91' lang='lat' dir='ltr'><strong>duas</strong></span> <span class='ocrx_word' id='word_1_171' title='bbox 806 2090 990 2166; x_wconf 87' lang='lat' dir='ltr'><strong>quantitates</strong></span> <span class='ocrx_word' id='word_1_172' title='bbox 1003 2108 1092 2166; x_wconf 90' lang='lat' dir='ltr'><strong>equa·</strong></span> 
     </span>
     <span class='ocr_line' id='line_1_23' title="bbox 662 2155 1095 2261; baseline -0.002 -24"><span class='ocrx_word' id='word_1_173' title='bbox 662 2155 677 2261; x_wconf 63' lang='lat' dir='ltr'><strong>f’</strong></span> <span class='ocrx_word' id='word_1_174' title='bbox 722 2181 764 2238; x_wconf 85' lang='lat' dir='ltr'><strong>les</strong></span> <span class='ocrx_word' id='word_1_175' title='bbox 784 2181 839 2254; x_wconf 81' lang='lat' dir='ltr'><strong>ab,</strong></span> <span class='ocrx_word' id='word_1_176' title='bbox 855 2181 913 2253; x_wconf 72' lang='lat' dir='ltr'><strong>gd,</strong></span> <span class='ocrx_word' id='word_1_177' title='bbox 938 2182 968 2237; x_wconf 93' lang='lat' dir='ltr'><strong>et</strong></span> <span class='ocrx_word' id='word_1_178' title='bbox 986 2178 1095 2236; x_wconf 91' lang='lat' dir='ltr'><strong>addam</strong></span> 
     </span>
     <span class='ocr_line' id='line_1_24' title="bbox 723 2267 1095 2343; baseline -0.003 -16"><span class='ocrx_word' id='word_1_179' title='bbox 723 2287 813 2343; x_wconf 90' lang='lat' dir='ltr'><strong>supra</strong></span> <span class='ocrx_word' id='word_1_180' title='bbox 832 2285 882 2326; x_wconf 85' lang='lat' dir='ltr'><strong>eas</strong></span> <span class='ocrx_word' id='word_1_181' title='bbox 905 2267 979 2326; x_wconf 91' lang='lat' dir='ltr'><strong>duas</strong></span> <span class='ocrx_word' id='word_1_182' title='bbox 1003 2286 1095 2343; x_wconf 90' lang='lat' dir='ltr'><strong>quau·</strong></span> 
     </span>
     <span class='ocr_line' id='line_1_25' title="bbox 660 2333 1095 2439; baseline 0.002 -23"><span class='ocrx_word' id='word_1_183' title='bbox 660 2333 678 2439; x_wconf 60' lang='lat' dir='ltr'><strong>‘jd</strong></span> <span class='ocrx_word' id='word_1_184' title='bbox 722 2356 826 2416; x_wconf 85' lang='lat' dir='ltr'><strong>titates</strong></span> <span class='ocrx_word' id='word_1_185' title='bbox 841 2357 972 2415; x_wconf 85' lang='lat' dir='ltr'><strong>diversas</strong></span> <span class='ocrx_word' id='word_1_186' title='bbox 988 2374 1035 2431; x_wconf 86' lang='lat' dir='ltr'><strong>ea,</strong></span> <span class='ocrx_word' id='word_1_187' title='bbox 1048 2374 1095 2431; x_wconf 70' lang='lat' dir='ltr'><strong>ay,</strong></span> 
     </span>
     <span class='ocr_line' id='line_1_26' title="bbox 725 2444 1135 2504; baseline 0 0"><span class='ocrx_word' id='word_1_188' title='bbox 725 2447 754 2504; x_wconf 90' lang='lat' dir='ltr'><strong>et</strong></span> <span class='ocrx_word' id='word_1_189' title='bbox 775 2446 815 2504; x_wconf 91' lang='lat' dir='ltr'><strong>sit</strong></span> <span class='ocrx_word' id='word_1_190' title='bbox 838 2463 877 2503; x_wconf 88' lang='lat' dir='ltr'><strong>ec</strong></span> <span class='ocrx_word' id='word_1_191' title='bbox 898 2445 1006 2504; x_wconf 87' lang='lat' dir='ltr'><strong>maior:</strong></span> <span class='ocrx_word' id='word_1_192' title='bbox 1030 2444 1095 2504; x_wconf 91' lang='lat' dir='ltr'><strong>dico</strong></span> <span class='ocrx_word' id='word_1_193' title='bbox 1109 2453 1135 2494; x_wconf 73' lang='lat'><strong>25</strong></span> 
     </span>
     <span class='ocr_line' id='line_1_27' title="bbox 83 2535 1096 2613; baseline -0.004 -18"><span class='ocrx_word' id='word_1_194' title='bbox 83 2555 165 2613; x_wconf 81' lang='lat' dir='ltr'><strong>ergo,</strong></span> <span class='ocrx_word' id='word_1_195' title='bbox 186 2535 267 2610; x_wconf 90' lang='lat' dir='ltr'><strong>quod</strong></span> <span class='ocrx_word' id='word_1_196' title='bbox 285 2538 481 2612; x_wconf 89' lang='lat' dir='ltr'><strong>augmentum</strong></span> <span class='ocrx_word' id='word_1_197' title='bbox 495 2537 555 2594; x_wconf 85' lang='lat' dir='ltr'><strong>cab</strong></span> <span class='ocrx_word' id='word_1_198' title='bbox 575 2554 662 2610; x_wconf 88' lang='lat' dir='ltr'><strong>super</strong></span> <span class='ocrx_word' id='word_1_199' title='bbox 674 2536 737 2609; x_wconf 71' lang='lat' dir='ltr'><strong>apd</strong></span> <span class='ocrx_word' id='word_1_200' title='bbox 756 2538 801 2593; x_wconf 89' lang='lat' dir='ltr'><strong>est</strong></span> <span class='ocrx_word' id='word_1_201' title='bbox 815 2535 921 2609; x_wconf 87' lang='lat' dir='ltr'><strong>equale</strong></span> <span class='ocrx_word' id='word_1_202' title='bbox 936 2538 1096 2611; x_wconf 90' lang='lat' dir='ltr'><strong>augmento</strong></span> 
     </span>
     <span class='ocr_line' id='line_1_28' title="bbox 83 2624 1096 2699; baseline -0.005 -15"><span class='ocrx_word' id='word_1_203' title='bbox 83 2643 125 2684; x_wconf 82' lang='lat' dir='ltr'><strong>aa</strong></span> <span class='ocrx_word' id='word_1_204' title='bbox 139 2643 228 2699; x_wconf 89' lang='lat' dir='ltr'><strong>super</strong></span> <span class='ocrx_word' id='word_1_205' title='bbox 240 2642 287 2699; x_wconf 72' lang='lat' dir='ltr'><strong>ap.</strong></span> <span class='ocrx_word' id='word_1_206' title='bbox 318 2624 459 2683; x_wconf 90' lang='lat' dir='ltr'><strong>Probatio</strong></span> <span class='ocrx_word' id='word_1_207' title='bbox 475 2624 546 2683; x_wconf 90' lang='lat' dir='ltr'><strong>eius.</strong></span> <span class='ocrx_word' id='word_1_208' title='bbox 579 2624 621 2682; x_wconf 91' lang='lat' dir='ltr'><strong>Ut</strong></span> <span class='ocrx_word' id='word_1_209' title='bbox 635 2642 732 2682; x_wconf 89' lang='lat' dir='ltr'><strong>secam</strong></span> <span class='ocrx_word' id='word_1_210' title='bbox 746 2643 780 2681; x_wconf 90' lang='lat' dir='ltr'><strong>ex</strong></span> <span class='ocrx_word' id='word_1_211' title='bbox 799 2641 839 2682; x_wconf 85' lang='lat' dir='ltr'><strong>oc</strong></span> <span class='ocrx_word' id='word_1_212' title='bbox 856 2626 983 2698; x_wconf 81' lang='lat' dir='ltr'><strong>tantum,</strong></span> <span class='ocrx_word' id='word_1_213' title='bbox 1004 2641 1096 2698; x_wconf 90' lang='lat' dir='ltr'><strong>quan·</strong></span> 
     </span>
     <span class='ocr_line' id='line_1_29' title="bbox 82 2711 1098 2790; baseline -0.002 -19"><span class='ocrx_word' id='word_1_214' title='bbox 82 2717 151 2771; x_wconf 90' lang='lat' dir='ltr'><strong>tum</strong></span> <span class='ocrx_word' id='word_1_215' title='bbox 174 2716 219 2772; x_wconf 89' lang='lat' dir='ltr'><strong>est</strong></span> <span class='ocrx_word' id='word_1_216' title='bbox 240 2732 291 2788; x_wconf 75' lang='lat' dir='ltr'><strong>ap,</strong></span> <span class='ocrx_word' id='word_1_217' title='bbox 316 2713 413 2788; x_wconf 88' lang='lat' dir='ltr'><strong>sitque</strong></span> <span class='ocrx_word' id='word_1_218' title='bbox 437 2715 491 2786; x_wconf 81' lang='lat' dir='ltr'><strong>ct3</strong></span> <span class='ocrx_word' id='word_1_219' title='bbox 516 2716 546 2770; x_wconf 88' lang='lat' dir='ltr'><strong>et</strong></span> <span class='ocrx_word' id='word_1_220' title='bbox 569 2713 641 2788; x_wconf 91' lang='lat' dir='ltr'><strong>quia</strong></span> <span class='ocrx_word' id='word_1_221' title='bbox 668 2716 864 2790; x_wconf 83' lang='lat' dir='ltr'><strong>augmentum</strong></span> <span class='ocrx_word' id='word_1_222' title='bbox 887 2715 923 2771; x_wconf 87' lang='lat' dir='ltr'><strong>cb</strong></span> <span class='ocrx_word' id='word_1_223' title='bbox 946 2731 1035 2787; x_wconf 87' lang='lat' dir='ltr'><strong>super</strong></span> <span class='ocrx_word' id='word_1_224' title='bbox 1058 2711 1098 2769; x_wconf 82' lang='lat' dir='ltr'><strong>bt</strong></span> 
     </span>
     <span class='ocr_line' id='line_1_30' title="bbox 83 2800 1097 2879; baseline -0.004 -17"><span class='ocrx_word' id='word_1_225' title='bbox 83 2805 117 2862; x_wconf 93' lang='lat' dir='ltr'><strong>et</strong></span> <span class='ocrx_word' id='word_1_226' title='bbox 139 2820 229 2878; x_wconf 87' lang='lat' dir='ltr'><strong>super</strong></span> <span class='ocrx_word' id='word_1_227' title='bbox 250 2803 291 2862; x_wconf 71' lang='lat' dir='ltr'><strong>ad</strong></span> <span class='ocrx_word' id='word_1_228' title='bbox 314 2805 359 2860; x_wconf 87' lang='lat' dir='ltr'><strong>est</strong></span> <span class='ocrx_word' id='word_1_229' title='bbox 383 2804 432 2877; x_wconf 80' lang='lat' dir='ltr'><strong>ct,</strong></span> <span class='ocrx_word' id='word_1_230' title='bbox 456 2805 486 2860; x_wconf 89' lang='lat' dir='ltr'><strong>et</strong></span> <span class='ocrx_word' id='word_1_231' title='bbox 509 2805 554 2860; x_wconf 89' lang='lat' dir='ltr'><strong>est</strong></span> <span class='ocrx_word' id='word_1_232' title='bbox 576 2801 651 2859; x_wconf 90' lang='lat' dir='ltr'><strong>illud</strong></span> <span class='ocrx_word' id='word_1_233' title='bbox 674 2805 868 2879; x_wconf 85' lang='lat' dir='ltr'><strong>augmentum</strong></span> <span class='ocrx_word' id='word_1_234' title='bbox 886 2819 926 2860; x_wconf 87' lang='lat' dir='ltr'><strong>oe</strong></span> <span class='ocrx_word' id='word_1_235' title='bbox 943 2819 1033 2876; x_wconf 89' lang='lat' dir='ltr'><strong>super</strong></span> <span class='ocrx_word' id='word_1_236' title='bbox 1056 2800 1097 2858; x_wconf 83' lang='lat' dir='ltr'><strong>ct</strong></span> 
     </span>
     <span class='ocr_line' id='line_1_31' title="bbox 83 2890 1137 2969; baseline -0.005 -19"><span class='ocrx_word' id='word_1_237' title='bbox 83 2895 117 2951; x_wconf 89' lang='lat' dir='ltr'><strong>et</strong></span> <span class='ocrx_word' id='word_1_238' title='bbox 140 2909 228 2967; x_wconf 88' lang='lat' dir='ltr'><strong>super</strong></span> <span class='ocrx_word' id='word_1_239' title='bbox 252 2909 305 2965; x_wconf 64' lang='lat' dir='ltr'><strong>yx:</strong></span> <span class='ocrx_word' id='word_1_240' title='bbox 333 2909 402 2968; x_wconf 86' lang='lat' dir='ltr'><strong>ergo</strong></span> <span class='ocrx_word' id='word_1_241' title='bbox 430 2893 553 2966; x_wconf 90' lang='lat' dir='ltr'><strong>propter</strong></span> <span class='ocrx_word' id='word_1_242' title='bbox 578 2890 633 2949; x_wconf 91' lang='lat' dir='ltr'><strong>hoc</strong></span> <span class='ocrx_word' id='word_1_243' title='bbox 661 2894 706 2950; x_wconf 85' lang='lat' dir='ltr'><strong>est</strong></span> <span class='ocrx_word' id='word_1_244' title='bbox 729 2893 923 2969; x_wconf 84' lang='lat' dir='ltr'><strong>augmentum</strong></span> <span class='ocrx_word' id='word_1_245' title='bbox 950 2891 987 2948; x_wconf 86' lang='lat' dir='ltr'><strong>bc</strong></span> <span class='ocrx_word' id='word_1_246' title='bbox 1010 2907 1098 2964; x_wconf 90' lang='lat' dir='ltr'><strong>super</strong></span> <span class='ocrx_word' id='word_1_247' title='bbox 1111 2898 1137 2939; x_wconf 74' lang='lat'><strong>³0</strong></span> 
     </span>
     <span class='ocr_line' id='line_1_32' title="bbox 81 2980 673 3058; baseline -0.007 -16"><span class='ocrx_word' id='word_1_248' title='bbox 81 2982 126 3043; x_wconf 74' lang='lat' dir='ltr'><strong>ad</strong></span> <span class='ocrx_word' id='word_1_249' title='bbox 150 2980 254 3056; x_wconf 87' lang='lat' dir='ltr'><strong>equale</strong></span> <span class='ocrx_word' id='word_1_250' title='bbox 277 2982 436 3058; x_wconf 87' lang='lat' dir='ltr'><strong>augmento</strong></span> <span class='ocrx_word' id='word_1_251' title='bbox 460 2998 499 3039; x_wconf 86' lang='lat' dir='ltr'><strong>cc</strong></span> <span class='ocrx_word' id='word_1_252' title='bbox 521 2998 611 3055; x_wconf 90' lang='lat' dir='ltr'><strong>super</strong></span> <span class='ocrx_word' id='word_1_253' title='bbox 625 2997 673 3054; x_wconf 74' lang='lat' dir='ltr'><strong>pr.</strong></span> 
     </span>
    </p>

    <p class='ocr_par' dir='ltr' id='par_1_7' title="bbox 175 3065 1154 3146">
     <span class='ocr_line' id='line_1_33' title="bbox 175 3065 1154 3146; baseline -0.007 -18"><span class='ocrx_word' id='word_1_254' title='bbox 175 3071 216 3128; x_wconf 82' lang='lat' dir='ltr'><strong>Et</strong></span> <span class='ocrx_word' id='word_1_255' title='bbox 244 3069 347 3145; x_wconf 81' lang='lat' dir='ltr'><strong>etiam,</strong></span> <span class='ocrx_word' id='word_1_256' title='bbox 375 3069 404 3127; x_wconf 90' lang='lat' dir='ltr'><strong>si</strong></span> <span class='ocrx_word' id='word_1_257' title='bbox 433 3071 624 3146; x_wconf 87' lang='lat' dir='ltr'><strong>augmenta</strong></span> <span class='ocrx_word' id='word_1_258' title='bbox 651 3068 788 3127; x_wconf 86' lang='lat' dir='ltr'><strong>fuerint</strong></span> <span class='ocrx_word' id='word_1_259' title='bbox 816 3087 923 3144; x_wconf 90' lang='lat' dir='ltr'><strong>super</strong></span> <span class='ocrx_word' id='word_1_260' title='bbox 954 3065 1097 3125; x_wconf 84' lang='lat' dir='ltr'><strong>diversa</strong></span> <span class='ocrx_word' id='word_1_261' title='bbox 1148 3104 1154 3120; x_wconf 84' lang='lat'><strong><em>.</em></strong></span> 
     </span>
    </p>

    <p class='ocr_par' dir='ltr' id='par_1_8' title="bbox 85 3157 1098 3234">
     <span class='ocr_line' id='line_1_34' title="bbox 85 3157 1098 3234; baseline -0.004 -17"><span class='ocrx_word' id='word_1_262' title='bbox 85 3159 247 3234; x_wconf 81' lang='lat' dir='ltr'><strong>aqualia,</strong></span> <span class='ocrx_word' id='word_1_263' title='bbox 275 3159 346 3217; x_wconf 87' lang='lat' dir='ltr'><strong>erit</strong></span> <span class='ocrx_word' id='word_1_264' title='bbox 373 3157 627 3234; x_wconf 82' lang='lat' dir='ltr'><strong>superfluitas,</strong></span> <span class='ocrx_word' id='word_1_265' title='bbox 656 3177 722 3233; x_wconf 92' lang='lat' dir='ltr'><strong>que</strong></span> <span class='ocrx_word' id='word_1_266' title='bbox 751 3160 805 3216; x_wconf 87' lang='lat' dir='ltr'><strong>est</strong></span> <span class='ocrx_word' id='word_1_267' title='bbox 831 3158 927 3216; x_wconf 90' lang='lat' dir='ltr'><strong>inter</strong></span> <span class='ocrx_word' id='word_1_268' title='bbox 954 3175 993 3214; x_wconf 86' lang='lat' dir='ltr'><strong>ea</strong></span> <span class='ocrx_word' id='word_1_269' title='bbox 1016 3158 1098 3232; x_wconf 90' lang='lat' dir='ltr'><strong>post</strong></span> 
     </span>
    </p>
   </div>
   <div class='ocr_carea' id='block_1_3' title="bbox 84 3379 1097 3592">
    <p class='ocr_par' dir='ltr' id='par_1_9' title="bbox 84 3379 1097 3592">
     <span class='ocr_line' id='line_1_35' title="bbox 161 3379 1096 3451; baseline -0.005 -16"><span class='ocrx_word' id='word_1_270' title='bbox 161 3383 187 3451; x_wconf 89' lang='lat'><strong>1)</strong></span> <span class='ocrx_word' id='word_1_271' title='bbox 206 3381 284 3434; x_wconf 84' lang='lat' dir='ltr'><strong>Hnao</strong></span> <span class='ocrx_word' id='word_1_272' title='bbox 302 3381 379 3450; x_wconf 92' lang='lat' dir='ltr'><strong>apud</strong></span> <span class='ocrx_word' id='word_1_273' title='bbox 392 3381 522 3434; x_wconf 82' lang='lat' dir='ltr'><strong>Paocncu</strong></span> <span class='ocrx_word' id='word_1_274' title='bbox 537 3385 596 3446; x_wconf 82' lang='grc'>196,</span> <span class='ocrx_word' id='word_1_275' title='bbox 613 3385 693 3447; x_wconf 77' lang='lat' dir='ltr'><strong>lbsq.</strong></span> <span class='ocrx_word' id='word_1_276' title='bbox 713 3411 747 3419; x_wconf 91' lang='lat'>—</span> <span class='ocrx_word' id='word_1_277' title='bbox 767 3382 794 3449; x_wconf 80' lang='lat'><strong>2)</strong></span> <span class='ocrx_word' id='word_1_278' title='bbox 813 3379 936 3432; x_wconf 74' lang='lat' dir='ltr'><strong>Paccius</strong></span> <span class='ocrx_word' id='word_1_279' title='bbox 956 3383 1016 3446; x_wconf 84' lang='grc'><strong>197,</strong></span> <span class='ocrx_word' id='word_1_280' title='bbox 1031 3383 1096 3445; x_wconf 75' lang='lat' dir='ltr'><strong>deq.</strong></span> 
     </span>
     <span class='ocr_line' id='line_1_36' title="bbox 84 3448 1097 3592; baseline -0.006 -85"><span class='ocrx_word' id='word_1_281' title='bbox 84 3451 343 3592; x_wconf 52' lang='lat' dir='ltr'><strong>ffipprunpmppat</strong></span> <span class='ocrx_word' id='word_1_282' title='bbox 354 3455 387 3507; x_wconf 93' lang='lat' dir='ltr'><strong>ut</strong></span> <span class='ocrx_word' id='word_1_283' title='bbox 397 3451 483 3506; x_wconf 90' lang='lat' dir='ltr'><strong>ctiam</strong></span> <span class='ocrx_word' id='word_1_284' title='bbox 492 3451 522 3506; x_wconf 91' lang='lat' dir='ltr'><strong>in</strong></span> <span class='ocrx_word' id='word_1_285' title='bbox 531 3454 611 3505; x_wconf 87' lang='lat' dir='ltr'><strong>textu</strong></span> <span class='ocrx_word' id='word_1_286' title='bbox 622 3449 734 3505; x_wconf 88' lang='lat' dir='ltr'><strong>arabico</strong></span> <span class='ocrx_word' id='word_1_287' title='bbox 744 3449 856 3520; x_wconf 84' lang='lat' dir='ltr'><strong>legitur.</strong></span> <span class='ocrx_word' id='word_1_288' title='bbox 878 3448 931 3504; x_wconf 81' lang='lat' dir='ltr'><strong>cfr.</strong></span> <span class='ocrx_word' id='word_1_289' title='bbox 942 3449 1097 3502; x_wconf 75' lang='lat' dir='ltr'><strong>Brennonx-</strong></span> 
     </span>
    </p>
   </div>
   <div class='ocr_carea' id='block_1_4' title="bbox 0 0 1218 3848">
    <p class='ocr_par' dir='ltr' id='par_1_10' title="bbox 0 0 1218 3848">
     <span class='ocr_line' id='line_1_37' title="bbox 0 0 1218 3848; baseline 0 0"><span class='ocrx_word' id='word_1_290' title='bbox 0 0 1218 3848; x_wconf 95' lang='lat' dir='ltr'><strong> </strong></span> 
     </span>
    </p>
   </div>
  </div>
 </body>
</html>
