2408 3848
371 149 420 204 AD
439 149 769 205 accaronitarum.
1014 151 1078 215 119

60 319 179 380 duobus
219 319 363 379 lateribus
400 318 617 378 continentibus
654 320 793 378 obtusum
829 320 974 396 angulum
1011 339 1079 378 cum

61 409 158 485 duplo
182 407 358 484 superficiei,
382 427 439 483 que
463 407 632 466 continetur
651 409 688 466 ab
706 428 767 466 una
785 409 914 466 duarum
931 409 1080 466 linearum

62 497 285 558 continentium
308 498 446 556 obtusum
468 497 624 573 angulum,
652 516 741 573 super
764 497 846 556 cuius
869 497 1080 556 rectitudinem

63 586 147 646 cadit
169 586 437 663 perpendicularis,
466 589 496 644 et
518 586 610 661 linea,
637 605 694 660 que
717 589 763 645 est
784 587 864 645 inter
885 587 1079 662 perpendicu-

62 677 161 734 larem
197 677 229 733 et
264 675 481 733 extremitatem
517 675 621 752 anguli
657 675 763 734 obtusi.
819 675 905 744 Quod
937 673 1079 752 „equale“
1108 689 1120 728 5

63 767 186 824 constat
213 763 373 822 secundum
400 763 606 839 probationem
630 763 724 840 figure
750 767 803 821 12Θ
826 765 953 823 secunde
976 765 1080 840 partis.

63 855 135 914 Duo
161 852 258 930 igitur
284 852 444 928 quadrata,
477 872 533 927 que
560 852 636 910 fiunt
663 873 698 910 ex
725 853 840 911 duobus
866 854 1013 912 lateribus
1041 855 1081 912 dc

64 946 98 1002 11
130 946 172 1018 11,
205 961 274 1000 cum
306 941 396 1017 duplo
424 940 602 1016 superficiei,
636 960 692 1016 que
720 941 891 1000 continetur
918 961 936 1001 a
963 943 1080 1001 duabus
1119 1010 1122 1014 Δ

63 1030 154 1090 lineis
178 1031 218 1089 de
240 1033 271 1089 et
294 1031 339 1104 elo,
365 1033 434 1089 sunt
456 1031 576 1105 aqualia
599 1031 745 1105 quadrato
768 1032 849 1090 facto
873 1051 907 1089 ex
930 1032 1010 1090 linea
1033 1033 1080 1104 dt,

65 1123 99 1178 et
121 1119 260 1178 similiter
282 1119 450 1178 coniunctio
474 1119 599 1178 duorum
622 1119 847 1194 quadratorum,
871 1140 927 1195 que
949 1120 1027 1179 fiunt
1046 1135 1121 1179 ex10

65 1209 183 1268 duabus
205 1207 292 1266 lineis
316 1209 355 1267 da
378 1211 408 1266 11
429 1212 469 1282 at,
493 1226 560 1266 cum
583 1208 676 1282 duplo
700 1208 879 1283 superficiei,
907 1229 964 1284 que
988 1209 1081 1268 conti·

65 1301 157 1356 netur
184 1315 202 1355 a
230 1297 345 1355 duabus
371 1297 458 1355 lineis
481 1298 521 1355 cla
544 1299 574 1354 et
595 1300 640 1369 11,
668 1300 713 1355 111
736 1297 851 1372 equalis
876 1299 1022 1372 quadrato
1047 1317 1082 1356 ex

65 1387 148 1444 linea
171 1387 219 1445 dt:
243 1404 313 1463 ergo
337 1385 504 1444 coniunctio
528 1385 655 1443 duorum
678 1386 901 1461 quadratorum,
926 1406 983 1461 que
1006 1387 1082 1444 fiunt

66 1494 105 1534 ex
137 1473 250 1533 duabus
280 1474 368 1533 lineis
395 1476 435 1534 da
467 1477 497 1532 et
523 1478 568 1549 ct,
600 1492 668 1532 oum
696 1475 786 1550 duplo
815 1475 992 1550 superficiei,
1025 1495 1081 1550 que

65 1563 238 1624 continetur
263 1581 281 1620 a
304 1563 418 1622 duabus
441 1563 528 1622 lineis
551 1565 591 1622 dc
614 1567 644 1621 et
665 1568 709 1638 11,
738 1567 783 1622 111
806 1563 919 1638 equalis
943 1564 1081 1623 coniunc-
1096 1577 1122 1616 15

64 1652 145 1711 tioni
169 1652 294 1711 duorum
317 1652 539 1727 quadratorum,
564 1672 620 1727 que
643 1652 719 1711 fiunt
742 1673 777 1711 ex
795 1653 910 1711 duabus
928 1653 1015 1710 lineis
1033 1654 1082 1726 dc,

64 1745 100 1801 11
127 1745 170 1817 et,
203 1759 271 1799 cum
303 1740 393 1816 duplo
426 1741 603 1816 superficiei,
637 1761 693 1817 que
726 1741 895 1800 continetur
923 1760 940 1799 a
968 1741 1082 1800 duabus

64 1829 156 1890 lineis
184 1831 223 1888 de
255 1832 285 1888 11
312 1831 357 1888 ec.
407 1830 447 1888 Et
480 1831 552 1905 quia
580 1832 616 1889 elo
646 1835 691 1890 est
719 1831 833 1907 equalis
860 1831 938 1889 linee
965 1832 1020 1905 bo,
1053 1833 1083 1888 et

64 1919 270 1979 1111111111
294 1918 409 1993 equalis
431 1918 509 1976 lineo
533 1920 574 1993 lb,
598 1939 668 1996 ergo
692 1921 854 1979 secundum
876 1919 1083 1996 probationem

63 2009 162 2086 figure
189 2007 284 2082 prime
312 2007 407 2083 partis
435 2007 560 2066 secunde
589 2009 646 2066 erit
669 2009 795 2084 duplum
818 2009 997 2084 superficiei,
1025 2028 1082 2084 que
1097 2023 1123 2061 ao

66 2096 241 2157 continetur
272 2115 290 2155 a
323 2096 437 2155 duabus
465 2097 551 2155 lineis
579 2099 619 2156 de
646 2100 676 2155 et
704 2099 753 2172 clo,
785 2099 891 2172 equale
919 2098 1084 2174 superficiei

65 2188 207 2245 contente
231 2203 249 2243 a
271 2185 358 2244 lineis
380 2187 419 2244 de
438 2188 468 2243 et
487 2203 537 2258 eo,
562 2189 591 2244 et
609 2185 747 2244 similiter
765 2186 890 2261 duplum
909 2186 1083 2262 superficiei,

67 2293 129 2351 que
161 2274 331 2334 continetur
362 2293 380 2332 a
412 2274 525 2332 duabus
557 2275 644 2333 lineis
676 2277 716 2334 da
748 2278 778 2334 et
808 2278 853 2350 al,
890 2276 947 2334 erit
979 2275 1083 2350 equale

10 2410 13 2415 .
66 2362 235 2438 superficiei
258 2366 397 2421 contente
420 2382 439 2422 a
462 2363 575 2422 duabus
598 2363 685 2422 lineis
703 2365 743 2422 da
766 2366 797 2422 et
813 2365 865 2423 ab:
889 2383 959 2440 ergo
983 2383 1084 2439 super·

65 2451 163 2526 ficies,
196 2470 253 2527 que
285 2451 454 2510 continetur
486 2471 504 2510 a
536 2453 651 2511 duabus
682 2453 770 2511 lineis
803 2471 842 2511 oc
874 2455 903 2510 ct
933 2454 984 2527 ed,
1017 2472 1084 2511 cum
1099 2464 1124 2506 2⁶

68 2540 218 2618 quadrato
250 2541 330 2599 facto
364 2560 399 2599 ex
425 2541 506 2600 linea
533 2543 572 2600 dc
600 2544 645 2600 est
672 2541 787 2616 equalis
815 2541 992 2617 superficiei,
1026 2561 1084 2617 que

65 2629 239 2690 continetur
265 2647 283 2686 a
311 2629 426 2688 duabus
454 2629 540 2688 lineis
569 2632 608 2690 11
636 2634 666 2688 11
688 2632 743 2704 ad,
771 2650 838 2689 oum
866 2631 1012 2706 quadrato
1036 2632 1084 2690 dr.

67 2717 130 2777 Sed
161 2716 321 2777 secundnm
352 2718 560 2795 probationem
590 2719 686 2796 figure
719 2720 808 2778 tercie
837 2720 961 2778 secunde
989 2719 1084 2795 partis

66 2806 248 2882 superficies,
271 2827 328 2882 que
352 2807 520 2867 continetur
543 2826 560 2866 a
584 2807 697 2868 duabus
720 2809 807 2868 lineis
831 2826 870 2867 oe
893 2811 923 2866 et
946 2809 993 2882 ed,
1016 2828 1085 2867 curn

67 2895 218 2973 quadrato
250 2897 331 2955 facto
364 2916 399 2954 ex
425 2897 505 2954 linea
532 2899 572 2956 de
600 2901 645 2956 est
673 2898 786 2973 equalis
816 2897 994 2972 superficiei,
1027 2917 1084 2972 que
1099 2910 1125 2949 8⁰

58 2984 240 3045 'continetur
263 3003 281 3042 a
304 2984 419 3044 duabus
442 2985 528 3044 lineis
552 2980 618 3063 <ool
641 2989 671 3044 et
694 2989 745 3059 de,
770 2990 800 3044 11
822 2985 1004 3061 superficieS,
1028 3005 1085 3061 que

66 3074 240 3134 continetur
268 3092 286 3131 a
313 3074 426 3132 duabus
453 3074 540 3133 lineis
567 3076 606 3134 11
634 3078 665 3133 11
690 3077 744 3150 ad,
773 3095 841 3134 cum
869 3074 1017 3150 quadrato
1045 3076 1086 3134 da

66 3166 116 3222 est
138 3162 253 3237 equalis
277 3161 451 3238 superficiei,
475 3183 531 3239 que
555 3164 723 3222 continetur
746 3183 764 3222 a
782 3164 897 3222 duabus
916 3158 1024 3240 lineis>
1042 3165 1086 3222 bd

64 3255 100 3311 et
118 3253 171 3310 da:
196 3269 266 3328 ergo
290 3251 468 3327 superficies,
492 3272 548 3327 que
572 3253 742 3312 continetur
764 3272 782 3311 a
801 3254 916 3312 duabus
934 3253 1022 3310 lineis
1042 3254 1086 3310 od

65 3343 101 3402 et
127 3341 181 3414 dc,
213 3342 259 3398 est
288 3341 403 3417 equalis
431 3341 610 3416 superficiei,
643 3361 700 3416 que
728 3342 896 3401 continetur
923 3361 941 3400 a
970 3340 1085 3399 duabus
1099 3352 1125 3392 35

142 3533 186 3582 27.
204 3529 246 3584 bd
264 3531 293 3582 11
312 3531 355 3584 de.
