2408 3848
387 156 437 209 An
455 155 641 210 EUOLIDEM
659 155 725 209 LIB.
741 155 773 210 X,
1017 153 1082 216 285

74 324 177 400 itaqu'e
205 344 240 382 ex
268 344 301 382 9ο
330 326 402 399 duo,
429 328 459 382 ct
485 324 681 383 remanebunt
708 324 778 397 duo3
811 323 955 399 accipiam
983 324 1086 380 autem

32 429 55 475 ’,0
74 414 203 473 radicem
224 409 227 491 l
249 414 320 490 eius,
345 417 374 472 et
396 413 504 472 addam
528 432 593 472 eam
616 432 707 489 supra
729 414 787 472 duo
811 415 841 471 et
862 412 995 471 minuam
1018 430 1084 469 eam

76 524 111 563 ex
139 503 266 561 duobus:
295 502 351 560 erit
378 521 447 579 ergo
475 521 536 560 una
564 502 689 560 duarum
712 501 875 561 sectionum
897 500 1030 559 binarius
1054 502 1084 557 et

75 593 160 651 radix
187 591 310 666 binarii,
336 586 438 668 <quod
461 595 506 649 est
528 591 608 648 linea
631 609 683 665 aa,
710 591 859 650 etaltera
883 592 928 649 est
949 589 1083 646 binarius

76 684 198 757 excepta
224 680 323 738 radice
350 675 493 758 binarii>‚
526 679 606 755 quod
633 682 678 738 est
705 680 784 739 linea
811 682 857 740 ab.
906 678 1084 737 Protraham
1111 688 1124 728 5

75 773 177 828 autem
205 769 478 846 perpendicularem
504 770 557 842 cd,
585 770 616 825 et
638 769 816 846 coniungam
838 787 858 826 u
880 787 947 827 cum
969 768 990 826 d
1012 770 1043 825 et
1065 767 1085 824 d

76 879 145 917 cum
172 861 201 917 b:
230 877 300 935 ergo
323 875 363 917 aa
386 859 432 916 cst
454 858 513 916 duo
537 860 567 915 et
588 857 674 914 radix
696 858 833 932 duorum,
861 859 892 914 et
914 858 952 916 bc
975 857 1019 914 est
1041 855 1084 912 bi·

77 948 179 1006 narius
207 949 330 1022 excepta
356 946 456 1004 radice
482 945 599 1004 binarii.
645 945 721 1005 Volo
747 949 848 1004 autem
870 945 943 1004 scire
967 945 1084 1021 quanti-

77 1040 172 1094 tatem
187 1035 339 1110 'cuiusque
366 1035 513 1094 linearum
540 1036 584 1094 cd
611 1037 642 1093 et
666 1037 715 1094 db.
762 1035 802 1093 Et
824 1035 885 1092 iam
907 1035 966 1092 fuit
989 1037 1085 1092 osten·

78 1146 144 1185 sum
166 1125 198 1181 in
220 1124 317 1200 figura
340 1127 448 1184 octava
470 1127 550 1183 sexte
573 1124 680 1201 partie,
704 1124 784 1199 quod
806 1123 959 1199 proportio
983 1125 1024 1181 ab
1049 1122 1087 1180 ad
1102 1137 1127 1175 ιο

79 1217 124 1273 ud
156 1216 201 1271 est
232 1214 308 1272 sicut
337 1213 490 1289 proportio
518 1214 562 1272 cd
589 1213 628 1270 ad
654 1230 701 1272 ca.
751 1211 956 1288 Multiplicabo
983 1211 1086 1287 itaque

80 1306 208 1379 quatuor
238 1302 271 1359 in
301 1302 451 1360 binarium
483 1306 514 1360 et
544 1301 674 1360 radicem
700 1301 822 1376 binarii,
854 1301 935 1376 quod
963 1302 1020 1374 est,
1052 1303 1087 1357 ut

79 1391 276 1467 multiplicem
295 1394 425 1466 quatuor
442 1391 474 1448 in
493 1391 560 1465 duo,
578 1389 754 1466 provenient
773 1409 842 1467 ergo
862 1393 936 1449 octo.
973 1388 1087 1447 Deinde

79 1481 246 1556 multiplico
270 1483 401 1555 quatuor
423 1476 476 1557 <in
498 1470 641 1560 quatuor)
666 1481 696 1538 et
717 1479 790 1538 fient
812 1479 970 1552 sexdecim,
999 1497 1088 1552 quem

80 1569 285 1645 multiplicabo
317 1570 349 1627 in
380 1568 453 1644 duo,
485 1572 515 1626 et
546 1567 721 1644 provenient
746 1568 873 1646 triginta
900 1567 973 1641 duo,
1005 1565 1128 1624 cuins15

80 1677 229 1718 assumam
261 1658 390 1718 radicem
422 1661 453 1717 et
484 1658 646 1734 adiungam
677 1651 785 1735 (eam)
816 1676 883 1716 cum
915 1658 994 1714 octo:
1032 1653 1089 1712 erit

80 1767 165 1825 erg0,
193 1747 272 1823 quod
298 1746 448 1823 provenit,
477 1746 657 1822 quadratum
683 1746 761 1804 liuee
788 1747 840 1805 od.
886 1745 960 1802 Dico
986 1743 1089 1820 igitur,

81 1837 163 1912 quod
184 1837 264 1895 linea
287 1839 332 1895 cd
355 1840 400 1895 est
421 1837 507 1895 radix
530 1840 652 1912 accepta
676 1855 711 1893 ex
735 1853 782 1909 eo,
805 1834 885 1910 quod
906 1834 942 1892 fit
964 1852 1000 1891 ex
1023 1836 1089 1890 octo

81 1929 113 1983 et
143 1926 241 1983 radice
272 1925 398 2002 triginta
429 1926 554 1983 duorum
586 1925 762 1998 coniunctis3
795 1927 826 1983 ot
856 1925 898 1983 db
930 1925 976 1981 est
1005 1922 1091 1980 radix
1143 1915 1146 1922 ’

83 2017 236 2089 assumpta
268 2033 303 2071 ex
334 2032 382 2086 eo,
414 2014 493 2088 quod
521 2015 659 2088 provenit
686 2033 722 2072 ex
749 2017 815 2074 octo
843 2016 965 2088 excepta
992 2010 1090 2069 radice
1105 2021 1130 2060 2⁰

83 2094 370 2177 trigintaduorum,
397 2104 427 2159 et
450 2103 553 2175 etiam,
581 2103 660 2178 quod
682 2103 835 2179 proportio
860 2121 902 2162 ca
925 2101 963 2159 ad
984 2103 1023 2160 ab
1047 2101 1092 2158 est

84 2189 161 2247 sicut
187 2189 340 2265 proportio
370 2189 508 2264 quadrati
534 2191 639 2248 adad
663 2191 842 2264 quadratum
866 2192 920 2264 ub,
948 2189 1027 2264 quod
1050 2188 1092 2247 sic

84 2277 237 2353 probatur.
287 2276 433 2346 Quoniam
463 2278 616 2353 proportio
649 2296 689 2338 aa
721 2279 759 2336 ad
785 2281 823 2339 ab
851 2282 896 2337 est
922 2278 999 2336 sicut
1024 2296 1090 2353 pro·

84 2367 182 2442 portio
214 2365 357 2443 trianguli
390 2367 453 2426 aad
485 2366 523 2424 ad
553 2366 739 2444 triangulum
771 2369 845 2440 deb,
878 2370 908 2425 et
939 2366 1091 2442 proportio

85 2455 230 2532 trianguli
262 2455 300 2513 ad
330 2455 516 2532 triangulum
548 2459 593 2514 est
624 2455 701 2514 sicut
731 2456 885 2531 proportio
913 2457 956 2514 ad
984 2455 1023 2513 ad
1049 2456 1091 2513 db
1106 2464 1131 2504 2⁵

86 2544 251 2620 duplicata,
279 2563 335 2619 que
363 2543 454 2602 etiam
482 2546 526 2603 est
549 2544 625 2602 sicut
646 2544 800 2620 proportio
825 2544 964 2619 quadrati
987 2547 1031 2602 cd
1054 2543 1092 2602 ad

85 2633 264 2709 quadratum
291 2634 346 2705 db3
375 2651 444 2710 ergo
472 2632 529 2691 erit
555 2633 709 2708 proportio
736 2635 777 2693 dc
802 2633 841 2691 ad
863 2635 900 2692 ab
924 2633 1002 2692 sicut
1024 2651 1091 2708 pro-

85 2723 183 2799 portio
217 2721 358 2798 quadrati
389 2723 434 2780 ad
460 2721 498 2779 ad
526 2721 707 2797 quadratum
733 2723 783 2782 db.
833 2722 874 2780 Et
901 2721 965 2781 dico
993 2723 1092 2795 otiam,

86 2811 166 2887 quod
196 2811 409 2887 multiplicatio
442 2812 483 2870 ab
509 2810 541 2868 iu
568 2811 608 2870 da
635 2813 680 2870 est
708 2811 822 2886 equalis
849 2810 1093 2886 multiplicationi

86 2903 130 2960 cd
161 2902 193 2957 in
224 2901 279 2974 db,
312 2899 391 2975 quod
418 2900 460 2959 sic
486 2899 639 2975 probatur.
689 2899 837 2969 Quoniam
863 2899 922 2958 duo
949 2899 1093 2975 trianguli
1107 2911 1133 2949 ³⁰

86 2978 161 3065 aab,
185 2991 247 3048 bda
270 2991 339 3047 sunt
361 2989 482 3063 similes,
504 3008 574 3066 ergo
597 2990 751 3065 proportio
774 2990 816 3048 ab
835 2987 873 3047 ad
892 2990 936 3048 ad
954 2991 999 3048 est
1017 2989 1094 3046 sicut

85 3080 238 3155 proportio
271 3079 313 3136 bd
344 3077 383 3135 ad
414 3078 466 3137 dc:
498 3096 567 3154 ergo
599 3079 810 3154 multiplicatio
842 3079 883 3138 ab
914 3078 946 3136 in
978 3079 1019 3137 da
1049 3080 1094 3135 est

87 3168 201 3242 equalis
228 3166 473 3241 multiplicationi
499 3168 544 3226 ud
570 3168 602 3224 in
624 3168 679 3244 db3
707 3170 737 3226 et
759 3167 835 3226 illud
857 3170 915 3242 est,
943 3167 1022 3242 quod
1045 3166 1093 3224 de-

86 3260 251 3316 monstrare
273 3256 429 3315 voluimus.

161 3538 184 3586 1.
204 3531 271 3602 duo]
289 3531 394 3600 itaque.
415 3563 448 3572 -
469 3537 510 3586 10.
530 3534 645 3607 octava]
663 3536 738 3589 cvto.
751 3565 787 3574 —
805 3538 854 3586 tt..
873 3530 1042 3597 edomat.
