2408 3848
415 160 464 215 AD
483 160 669 216 EUOLIDEM
687 161 754 215 LIB.
769 161 816 216 IV.
1056 160 1119 224 149

97 334 210 390 tamen
232 328 372 405 possibile
396 332 449 405 est,
472 331 507 386 ut
530 329 608 388 circa
635 329 821 407 triangulum
844 331 911 404 αφά
938 329 1122 387 describatur

100 419 252 494 circulus,
280 421 440 495 postquam
462 420 560 477 faetus
581 419 674 476 fuerit
697 419 825 496 angulus
849 420 915 493 αφά
941 420 1040 476 rectus
1068 420 1122 476 aut

101 525 269 585 expansus:
288 507 354 567 dico
368 507 470 585 igitur,
486 509 566 583 quod
579 509 659 566 linea
673 509 715 566 αά
729 508 875 584 contingit
889 508 1034 567 circulum
1044 509 1123 581 φαά,

759 601 789 656 et
821 598 950 674 angulus
979 598 1045 655 αάα
1077 599 1123 655 est

758 689 880 745 acutus:
925 705 995 762 ergo
1032 686 1119 760 linea,
1149 695 1162 735 ⁵

760 795 817 850 que
851 777 896 833 est
926 774 1122 850 perpendicu-

759 864 831 922 laris
847 882 938 939 supra
947 864 1124 938 punctumd

760 953 898 1027 lineebd‚
907 956 951 1011 est
959 953 1123 1010 diametrus

759 1042 864 1100 circuli
897 1044 978 1117 αφά,
1016 1045 1046 1100 et
1079 1044 1124 1100 est

761 1149 847 1188 casus
862 1130 925 1188 eius
945 1149 963 1189 a
981 1130 1060 1188 linea
1080 1131 1124 1188 άα
1137 1141 1163 1181 1⁰

762 1219 840 1277 sicut
866 1238 951 1277 casus
974 1219 1051 1276 linee
1075 1221 1123 1294 da,

761 1308 860 1382 portio
880 1307 976 1384 igitur
994 1310 1061 1382 άφα
1079 1311 1125 1366 est

783 1396 880 1453 minor
903 1397 1102 1456 semicirculo:

760 1504 829 1561 ergo
849 1486 978 1561 angulus
994 1487 1060 1558 αφά
1078 1487 1124 1543 est

760 1591 915 1648 expansus.
941 1573 1056 1631 Ponam
1070 1592 1122 1632 au·
1138 1582 1164 1624 15

759 1668 828 1738 tem,
851 1665 886 1720 ut
909 1665 1045 1721 centrum
1067 1663 1123 1720 cir-

762 1752 822 1810 culi
845 1753 912 1826 αφά
940 1753 979 1811 sit
1001 1753 1074 1810 nota
1096 1753 1124 1825 le,

109 1842 143 1898 et
165 1837 340 1915 protraham
363 1838 474 1896 lineam
497 1839 546 1896 αα.
596 1839 788 1899 Manifestum
820 1845 865 1900 est
895 1841 1012 1917 itaque,
1045 1840 1125 1917 quod

114 1929 196 1988 linea
219 1929 262 1987 αα
294 1930 339 1986 est
366 1926 481 2002 equalis
509 1927 585 1985 linee
612 1929 668 2004 αά,
701 1931 843 2004 quoniam
869 1930 932 2006 ipse
960 1932 1030 1989 sunt
1056 1950 1125 2005 pro-

110 2018 201 2077 ducte
224 2035 242 2075 a
266 2019 376 2076 centro.
431 2015 488 2073 Sed
515 2016 594 2074 linea
620 2018 656 2075 αα
686 2022 732 2077 est
758 2020 855 2080 minor
879 2020 1039 2078 medietate
1062 2019 1125 2076 dia·
1139 2029 1165 2070 20

109 2105 202 2164 metri
228 2105 332 2165 circuli
355 2106 433 2180 o9d3
465 2105 639 2180 protraham
666 2106 769 2182 itaque
797 2109 894 2184 ipsam
916 2128 1010 2184 usque
1038 2108 1077 2166 ad
1099 2109 1125 2182 α,

111 2197 144 2254 et
171 2194 228 2254 erit
255 2195 369 2270 equalis
397 2193 551 2253 medietati
580 2194 731 2254 diametri:
759 2216 829 2274 ergo
856 2199 1049 2256 manifestum
1072 2200 1125 2270 est,

112 2283 194 2360 quod
217 2282 344 2342 circulus
367 2285 433 2357 αφά
456 2286 536 2341 secat
560 2283 704 2341 circulum
727 2287 801 2359 edlu
826 2288 856 2343 et
873 2287 950 2344 illud
969 2289 1021 2362 est,
1046 2285 1126 2361 quod

110 2373 313 2432 demonstrare
336 2372 491 2432 voluimus
554 2379 563 2400 '

202 2459 370 2519 Secundum
397 2461 552 2520 solutionis
579 2480 649 2520 vero
681 2461 802 2520 modum
835 2465 879 2520 est
910 2464 962 2522 ita.
1011 2463 1126 2522 Ponam
1139 2471 1166 2514 2⁶

112 2550 195 2626 quod
217 2550 385 2627 triangulus
404 2551 472 2609 ααά
490 2550 530 2608 sit
548 2549 738 2626 constitutus,
762 2554 792 2608 et
811 2551 889 2626 quod
910 2553 1036 2627 quisque
1055 2551 1125 2611 duo-

112 2659 180 2698 rum
207 2639 385 2716 angulorum
408 2640 438 2712 α,
470 2641 490 2697 ά
517 2639 557 2698 sit
584 2639 710 2714 duplum
737 2641 841 2717 anguli
864 2642 937 2699 ααά,
987 2641 1127 2699 Dividam

114 2748 185 2806 ergo
218 2728 363 2805 angulum
385 2729 451 2786 αάα
482 2727 514 2785 in
546 2729 604 2786 duo
635 2728 732 2787 media
764 2749 832 2788 eum
863 2729 942 2787 linea
969 2731 1023 2803 dp:
1056 2749 1126 2806 ergo

111 2835 292 2893 unaqueque
325 2816 452 2874 duarum
485 2818 650 2877 sectionum
687 2822 732 2876 est
765 2818 879 2894 equalis
912 2818 1023 2896 angulo
1049 2819 1125 2892 φαά.

113 2905 211 2975 Quero
234 2905 335 2982 igitur,
359 2924 398 2964 an
413 2905 583 2980 superficies
602 2909 751 2966 rectorum
769 2908 954 2984 angulorum,
978 2927 1034 2982 que
1058 2927 1125 2966 oon·
1139 2917 1168 2958 ³⁰

112 2995 227 3052 tinetur
249 3013 267 3052 a
291 2994 405 3052 duabus
423 2993 509 3052 lineis
529 2997 570 3054 αα
595 2999 625 3053 et
644 2997 692 3069 αφ,
715 2997 754 3055 sit
774 2996 888 3072 equalis
908 2996 1055 3071 quadrato
1075 3015 1125 3069 αφ.

112 3083 207 3161 Ergo,
241 3083 311 3159 quia
343 3083 468 3160 angulus
497 3085 563 3142 ααά
596 3086 640 3142 est
672 3086 787 3160 equalis
820 3086 930 3163 angulo
958 3087 1037 3161 αάφ,
1070 3085 1127 3142 erit

112 3172 194 3231 linea
212 3190 255 3246 αφ
277 3171 392 3248 equalis
410 3172 487 3230 linee
503 3174 560 3246 φάς
584 3175 614 3230 et
633 3173 703 3247 quia
722 3175 848 3251 angulus
868 3176 932 3248 αφά
950 3176 995 3233 est
1014 3173 1127 3250 equalis

113 3260 227 3321 duobus
255 3261 373 3338 angulis
399 3263 481 3335 φαά,
509 3263 588 3336 αάφ,
621 3262 673 3337 qui
705 3266 776 3320 sunt
807 3264 941 3339 equales,
973 3282 1043 3341 ergo
1075 3282 1126 3320 an·
1193 3332 1196 3336 .

112 3352 202 3430 gulus
225 3351 289 3424 αφά
317 3353 362 3408 est
390 3349 498 3426 duplus
526 3351 628 3427 anguli
648 3353 725 3424 φαά.
780 3352 916 3431 Angulus
947 3352 1041 3430 igitur
1064 3352 1127 3424 αφά
1139 3360 1166 3401 ³⁵

113 3441 160 3500 est
183 3439 297 3515 equalis
319 3438 477 3515 unicuique
501 3438 627 3498 duorum
650 3441 826 3518 angulorum
849 3444 923 3516 abd,
951 3443 1032 3500 colb:
1056 3458 1125 3516 ergo

111 3529 193 3588 linea
214 3530 258 3603 φά
286 3532 330 3587 est
358 3529 471 3603 equalis
502 3528 579 3586 linee
604 3530 653 3588 αά.
711 3529 768 3587 Sed
802 3532 880 3588 linea
903 3531 944 3604 φά
973 3530 1038 3587 iam
1069 3529 1133 3584 luit
