2408 3848
399 159 448 212 AD
467 158 653 213 EUCLIDEM
670 159 736 213 LIB.
751 159 784 213 X.
1023 160 1088 224 385

165 329 215 387 Ee
239 329 323 387 tineis
345 330 444 387 surdis
466 331 528 387 ium
549 333 618 387 suaet
633 329 746 402 plures,
770 345 896 401 quarum
917 329 1001 387 uude
1024 346 1089 387 eoo-

77 419 184 476 tuetur
206 418 251 476 oet
272 419 307 490 fit
328 419 361 476 tu
383 419 503 476 termino
526 418 619 485 illiue,
643 435 697 491 que
720 421 762 475 est
783 421 849 476 aute
870 419 975 490 aqueum,
998 435 1089 491 oeque

74 509 107 565 iu
131 508 233 565 ordine
255 508 357 579 ipsius,
365 497 390 587 1)

164 594 256 652 Verbi
288 596 387 672 gratia
418 596 457 653 sit
489 594 657 670 superficies
690 596 729 668 by
757 597 896 653 contenta
923 593 960 652 ab
989 596 1030 653 ab
1058 598 1088 652 et

75 702 130 758 oy,
162 687 192 741 et
223 685 264 742 ub
295 685 335 742 sit
361 683 497 742 medialis
529 686 560 742 et
587 702 629 758 oy
655 684 825 759 rationalis,
858 686 887 742 et
914 685 954 741 sit
981 686 1085 758 potens
1113 695 1126 736 5

75 791 165 847 supra
189 773 229 846 by
251 773 331 831 linea
355 774 408 832 od:
437 773 502 831 dieo
525 774 631 850 igitur,
657 772 737 848 quod
761 774 802 831 od
824 791 884 831 non
908 774 953 831 est
974 773 1006 830 in
1028 775 1087 830 ter-

690 861 771 920 mino
794 863 845 936 ab,
869 881 964 936 neque
986 862 1019 918 in
1043 879 1087 919 or·

688 949 757 1007 dine
776 951 847 1024 eius,
870 950 951 1025 quod
965 951 1005 1008 sio
1020 969 1087 1026 pro-

687 1038 784 1097 batur.
809 1037 885 1106 Quia
895 1039 974 1096 enim
986 1057 1087 1114 super·
1136 1099 1138 1102 Α

687 1126 766 1186 ficies
817 1128 932 1202 equalis
982 1131 1087 1203 quarte
1101 1141 1128 1180 10

687 1211 872 1294 (quadrati)
922 1217 999 1274 lineo
1045 1219 1087 1276 ab

687 1305 823 1363 medialis
854 1305 892 1363 ad
924 1305 1087 1383 longitudi-

689 1413 757 1452 nem
797 1395 875 1452 linee
912 1413 956 1468 aq
996 1395 1086 1453 ratio-

640 1455 658 1509 9
690 1483 767 1540 nalis
810 1482 1007 1561 adiungatur,
1052 1483 1088 1542 fit

77 926 96 977 d
274 925 289 977 b
538 965 541 972 .
638 942 657 978 a

77 1457 90 1493 θ

75 1571 155 1629 latus
179 1572 241 1630 eius
264 1572 424 1631 seeundum
446 1572 593 1630 rationale
615 1572 648 1628 in
669 1572 817 1647 potentia3
843 1574 874 1630 et
896 1590 963 1630 oum
986 1590 1086 1647 super·
1102 1584 1127 1626 15

74 1659 154 1718 ficies
178 1660 293 1736 equalis
315 1660 461 1736 quadrato
485 1661 527 1720 od
549 1660 723 1738 adiungitur
743 1660 780 1718 ad
798 1679 849 1736 oy,
871 1660 906 1720 fit
923 1661 1005 1720 latus
1024 1662 1086 1720 eius

75 1748 235 1807 seeundum
258 1751 313 1825 ab,
337 1750 490 1826 quoniam,
514 1768 582 1808 oum
605 1751 647 1808 bd
669 1750 886 1825 multiplicetur
907 1751 940 1807 in
963 1769 1007 1824 se,
1030 1752 1088 1808 erit

75 1839 128 1913 by,
156 1840 186 1896 et
212 1841 253 1897 ab
282 1842 327 1898 est
353 1839 503 1914 medialis,
531 1841 561 1897 et
587 1837 724 1897 medialis
751 1857 811 1896 non
838 1841 883 1898 est
904 1839 937 1896 in
958 1839 1086 1898 termino

74 1926 231 1986 rationalis
253 1928 286 1984 in
308 1929 457 2003 potentia,
479 1947 576 2004 neque
598 1929 631 1985 in
654 1928 756 1986 ordine
780 1929 852 1987 eius.
897 1927 938 1986 nt
960 1929 986 1987 si
1010 1931 1087 1987 esset

74 2014 107 2072 in
128 2017 256 2074 termino
280 2017 342 2074 eius
366 2018 396 2074 et
417 2017 450 2073 in
473 2017 589 2091 ordine,
616 2016 799 2092 conveniret,
825 2019 873 2091 ut,
896 2035 963 2076 eum
985 2035 1085 2092 super·
1101 2028 1127 2068 20

74 2103 154 2162 fioies
181 2105 295 2180 equalis
318 2105 463 2180 quadrato
487 2106 549 2164 eius
573 2105 784 2182 adiungeretur
807 2106 845 2164 ad
867 2105 1086 2184 longitudinem

76 2211 118 2266 aq
139 2194 326 2267 rationalem,
347 2193 432 2251 fieret
453 2193 532 2252 latus
556 2194 618 2252 eius
642 2193 802 2252 seeundum
824 2194 916 2252 etiam
938 2195 1086 2253 rationale

74 2282 107 2338 in
133 2283 277 2356 potentia.
322 2280 380 2340 Sed
406 2282 462 2341 hoo
488 2301 548 2340 non
576 2284 621 2339 est
647 2282 704 2340 ita:
732 2301 801 2358 ergo
830 2283 872 2341 bd
899 2300 959 2339 non
987 2285 1032 2342 est
1053 2284 1086 2339 in

75 2370 202 2427 termino
238 2372 292 2446 ab,
328 2390 423 2446 neque
454 2372 487 2428 in
519 2369 621 2430 ordine
653 2371 723 2428 eius.
779 2367 826 2427 Sit
858 2371 949 2428 etiam
979 2373 1085 2446 potens

76 2476 166 2532 supra
192 2458 378 2534 superficiem
401 2460 540 2520 balinea
562 2461 613 2518 de:
641 2459 706 2517 dieo
728 2459 835 2535 igitur,
862 2458 941 2534 quod
964 2460 1003 2518 de
1024 2478 1084 2517 non
1099 2472 1126 2513 ee

76 2548 121 2604 est
147 2545 179 2604 in
206 2549 332 2608 termino
361 2549 402 2608 bd
428 2567 524 2625 neque
550 2549 584 2606 in
610 2548 674 2607 eius
703 2547 817 2623 ordine,
845 2546 925 2623 quod
952 2548 993 2608 sio
1018 2568 1086 2624 pro-

75 2635 172 2694 batur.
224 2635 297 2696 (luni
329 2637 408 2696 enirn
439 2636 606 2714 superficies
639 2635 753 2714 equalis
786 2636 931 2712 quadrato
964 2638 1005 2697 bd
1035 2637 1086 2696 ad-

74 2726 211 2804 iungitur
242 2726 280 2784 ad
306 2727 523 2806 longitudinem
548 2728 626 2786 linee
652 2725 822 2801 rationalis,
853 2725 887 2784 fit
912 2726 992 2786 latus
1021 2728 1085 2786 eius

149 2919 262 2968 17-18.
282 2913 336 2968 erit
355 2915 406 2986 by]
426 2913 480 2968 erit
497 2916 540 2970 ob.

149 3113 175 3182 1)
189 3111 318 3166 Eucnmrs
333 3107 453 3162 Omnnr
467 3108 500 3177 X,
516 3113 566 3162 107
586 3107 763 3180 (Humanam
781 3124 808 3176 p.
823 3106 945 3191 adasate
964 3106 982 3162 1.
1000 3112 1032 3161 18
1043 3125 1083 3176 sq.

78 3180 229 3252 Πόρισμα);
262 3181 366 3247 Linea,
388 3196 438 3250 que
460 3179 599 3234 residmuo
619 3180 734 3246 dieitur,
756 3178 848 3235 ullave
869 3179 1084 3247 uratiouutiuoq

76 3270 127 3322 que
141 3261 204 3322 poet
222 3271 281 3309 eum
297 3257 371 3317 eunt,
388 3252 482 3320 aequit
499 3267 553 3306 esse
570 3251 620 3306 sud
637 3250 752 3306 termino
766 3250 889 3317 diremti,
906 3257 956 3305 aut
969 3251 1019 3305 sub
1032 3255 1084 3306 ter·

77 3325 151 3378 mino
169 3332 194 3381 et
212 3326 308 3381 ordine
324 3323 411 3377 ullius
428 3328 577 3377 ceterarum
594 3322 730 3378 linearum
746 3321 960 3390 twatimeulium,
980 3338 1030 3392 que
1045 3322 1083 3376 oi-

76 3395 198 3449 nomime
218 3397 427 3464 subsequeretur.
470 3392 538 3448 Cum
558 3400 649 3448 autem
666 3393 796 3463 possedite
817 3394 866 3461 ott,
889 3393 1024 3448 lineorum
1045 3394 1084 3447 ir-

75 3466 256 3522 rationalium
273 3467 367 3522 reriem
380 3467 412 3520 tu
424 3465 565 3532 infinitum
577 3465 705 3535 produci,
722 3480 779 3520 nou
792 3470 830 3520 eet
843 3464 981 3533 possibile,
997 3464 1084 3519 uttam

76 3553 171 3593 eurum
189 3553 250 3592 eum
268 3554 300 3592 ea
318 3553 369 3607 que
383 3537 561 3606 precesserint
578 3538 610 3592 io
628 3536 742 3592 terniue
760 3541 785 3592 et
802 3535 897 3591 ordior
914 3537 1070 3589 oouoeutre.

130 3634 213 3678 Comm.
228 3634 258 3676 ed
271 3635 362 3678 Euclid.
376 3635 411 3678 ed.
426 3634 537 3679 curtae.
830 3636 835 3648 “
903 3625 946 3671 ‘2ss
