2408 3848
106 137 170 202 376
393 136 558 190 ANARITII
577 132 832 189 COMMENTARII

105 308 146 366 515
165 305 250 363 radix
271 308 320 364 72.
362 305 402 364 Et
420 305 584 381 disponam,
608 302 855 379 quemadmodum
874 301 1009 376 disposui
1027 302 1121 378 illam,

106 413 162 471 que
191 398 236 453 555
265 398 333 454 ante
356 396 465 470 ipsam,
494 397 524 452 55
547 393 714 466 ostendam,
743 390 822 466 quod
844 408 882 464 sq
904 393 1007 466 potsse
1030 409 1122 467 supra

106 487 159 559 by,
182 487 212 542 55
236 482 313 558 quod
335 484 387 558 les,
414 484 454 556 leq
477 486 546 542 sunl
568 482 709 541 mediales
733 483 763 539 55
784 481 817 538 in
840 481 979 555 polenfiia
1002 481 1123 539 tantum

671 639 691 689 k

670 894 689 948 1

229 1265 538 1340 Ἷ-ἾΤΓ
673 1254 693 1291 ³

109 1426 372 1496 communicantem
396 1427 426 1482 55
449 1423 527 1498 quod
543 1425 588 1497 yd
605 1423 803 1481 communicat
820 1423 859 1481 de
876 1421 909 1479 iu
927 1422 1130 1498 longitudine,

82 1526 95 1565 5
111 1515 140 1570 55
156 1514 201 1586 qd
219 1508 306 1592 <555>
324 1515 356 1570 in
374 1514 510 1588 potentia
527 1515 647 1571 tantum
663 1511 830 1586 rationalis,
849 1512 879 1568 55
895 1510 940 1584 yd
958 1512 1130 1588 seiungitur

110 1603 151 1660 cb
183 1603 215 1659 in
246 1601 447 1680 longitudine,
480 1605 510 1660 55
542 1602 581 1660 ed
613 1604 658 1660 555
688 1600 845 1659 ralionalis
872 1601 904 1656 in
931 1602 1072 1674 potentia
1101 1605 1131 1659 55

111 1692 245 1750 seiuncta
263 1693 305 1749 cb
328 1693 359 1748 in
378 1690 577 1767 longitudine:
601 1709 670 1767 ergo
692 1691 734 1749 olle
757 1692 802 1748 555
819 1688 965 1747 medialis
1008 1687 1070 1747 Sed
1087 1691 1131 1748 dh

112 1783 157 1838 555
180 1781 294 1854 equalis
319 1779 484 1855 superficiei
506 1780 547 1852 leq
569 1780 601 1836 in
624 1780 669 1853 155,
694 1797 763 1856 crgo
787 1777 955 1853 superficies
979 1777 1018 1836 los
1036 1780 1070 1836 in
1089 1779 1131 1851 kq

112 1872 157 1927 555
179 1868 324 1926 medialis.
370 1869 451 1943 Ergo
474 1885 512 1940 sq
535 1870 579 1926 555
601 1867 753 1926 residuum
774 1866 934 1924 bimediale
958 1868 1131 1942 secundum,

71 1971 96 2010 1⁰
112 1960 142 2015 55
169 1958 236 2031 ipsa
262 1959 362 2031 polest
389 1975 481 2030 supra
508 1956 692 2031 superficiem
719 1958 771 2031 bp3
802 1959 831 2014 el
858 1955 934 2013 illud
962 1958 1020 2030 555,
1051 1956 1132 2031 quod

112 2045 312 2103 demonstrare
335 2045 492 2103 voluimus.

200 2133 312 2192 Linea
338 2136 466 2209 potens
494 2151 601 2210 supra
628 2153 763 2192 omnem
791 2132 1025 2209 superficiem
1049 2152 1132 2192 con·

111 2225 247 2282 lentam
280 2243 298 2281 a
329 2224 427 2281 linea
458 2224 636 2281 rationali
669 2227 703 2282 55
734 2223 880 2281 residuo
913 2224 1044 2296 quarto
1077 2226 1133 2281 555

112 2305 254 2370 minor.l

73 2412 98 2452 15
202 2304 293 2458 vadi
316 2402 416 2478 gralia
439 2402 479 2460 515
497 2400 664 2476 superficies
685 2402 724 2474 dp
743 2402 883 2459 contenta
902 2399 1019 2458 alinea
1037 2401 1132 2458 ratio-

113 2491 176 2548 nali
206 2509 261 2565 que
291 2486 295 2568 l
326 2490 365 2549 515
393 2492 447 2566 ab,
481 2492 511 2548 55
537 2491 655 2548 residuo
683 2492 804 2564 quaudo,
832 2507 888 2564 que
917 2489 957 2546 515
977 2505 1035 2562 pc:
1065 2487 1133 2546 dico
1154 2489 1175 2537 75

113 2580 220 2656 igilur,
249 2579 327 2654 quod
355 2580 435 2638 linea
462 2581 567 2656 polens
595 2598 685 2654 supra
712 2580 752 2652 by
775 2580 820 2636 555
842 2578 952 2652 minor,
981 2576 1061 2651 quod
1090 2579 1134 2635 sic

113 2667 265 2743 probatur.
306 2668 465 2726 Reiterabo
489 2669 568 2726 enirn
591 2667 664 2726 duas
688 2666 857 2743 superficies
876 2685 943 2724 cum
960 2666 1040 2724 nolis
1061 2667 1134 2740 suis,

116 2759 145 2814 55
169 2757 208 2814 515
232 2759 276 2815 od
300 2758 317 2814 6
343 2776 378 2814 ex
400 2758 540 2831 numeris,
566 2760 595 2816 55
616 2758 661 2832 qd
683 2757 723 2815 515
744 2755 830 2814 radix
856 2757 906 2831 12,
930 2757 960 2812 55
982 2771 1022 2813 oe
1046 2756 1088 2813 515
1113 2756 1133 2812 3

75 2857 101 2897 20
116 2848 146 2904 55
168 2845 253 2903 radix
277 2847 305 2920 6,
332 2849 361 2905 55
384 2845 551 2922 superficies
576 2850 612 2905 ct
633 2847 673 2904 515
696 2847 738 2905 48
762 2848 792 2904 55
814 2844 900 2903 radix
924 2845 974 2917 96,
998 2846 1028 2901 55
1051 2843 1136 2902 linea

115 2935 156 2993 de
183 2935 223 2993 515
252 2936 270 2992 3
300 2934 410 3010 absque
437 2935 536 2993 radice
566 2936 597 3010 6,
626 2937 656 2994 55
683 2933 851 3010 superficies
879 2934 914 2992 td
937 2933 977 2992 515
999 2932 1041 2990 48
1069 2933 1135 2990 sine

114 3023 214 3082 radice
244 3025 298 3099 96,
327 3043 396 3102 ergo
424 3043 599 3099 unaqueque
627 3024 753 3082 duarum
775 3024 922 3081 linearum
942 3039 995 3096 qe,
1024 3023 1064 3079 ed
1089 3025 1136 3080 555

190 3199 231 3247 19.
252 3192 290 3246 515
304 3192 389 3246 radix
409 3194 454 3263 12]
474 3192 512 3246 515
529 3209 574 3247 ce.
594 3225 628 3232 -
648 3199 690 3248 20.
711 3192 813 3263 51548]
833 3191 871 3245 515
889 3207 933 3246 ar.

190 3373 215 3440 1)
243 3370 372 3423 Eucnrnis
398 3369 517 3423 Cmffxur
541 3370 578 3439 Χ,
600 3376 632 3423 89
661 3369 817 3440 (Hammon
840 3368 878 3436 Χ,
898 3371 953 3438 94):
992 3367 1025 3422 Se·
1047 3369 1138 3435 feeerit

117 3443 271 3510 superficies
286 3442 359 3496 liaec
373 3442 506 3496 rationali
523 3443 683 3510 residesque
698 3447 794 3511 quaero
809 3446 943 3505 contenta,
962 3439 1038 3495 linea
1051 3456 1139 3512 super

118 3529 177 3567 eam
192 3519 287 3581 peteres
305 3514 357 3568 erit
376 3513 449 3567 liaeo
467 3514 563 3566 ceiam.
