2408 3848
391 136 440 189 AD
460 135 644 189 EUCLIDEM
662 135 727 189 LIB.
743 133 775 189 X.
1015 133 1078 196 317

71 323 184 382 'supra
203 306 269 364 duo
288 297 503 378 medialia¹)‚
522 305 599 363 sicut
616 304 701 362 radix
720 305 791 379 eius,
806 297 885 379 quod
899 304 1082 380 aggregatur

70 416 109 454 ex
137 395 236 453 radice
264 398 330 453 octo
357 397 388 451 et
415 392 627 470 quadraginta,
656 412 722 451 cum
750 412 838 468 super
868 411 933 450 eam
963 391 1082 450 additur

74 483 158 542 radix
185 484 294 559 viginti
321 483 463 557 quatuor,
486 483 517 540 et
540 476 665 559 (radix)
688 502 723 540 ex
745 481 844 540 radice
868 484 933 540 octo
957 483 987 537 et
1010 499 1081 554 qua÷

75 573 223 650 draginta,
246 590 313 631 cum
335 572 482 628 minuitur
505 591 539 628 ex
563 590 598 628 ea
620 570 704 628 radix
726 571 834 648 viginti
858 572 994 645 quatuor.

164 662 308 719 Revertar
333 661 428 735 igitur
455 657 493 718 ad
520 658 708 717 narrandum.
757 659 832 718 Dico
864 659 971 736 igitur,
1003 657 1083 732 quod
1102 669 1122 710 >5

76 751 165 811 surda
193 749 357 824 composita
384 750 441 822 est,
469 767 526 822 quo
554 749 740 823 componitur
766 767 801 806 ex
829 747 941 806 duabus
965 747 1082 822 quanti·

75 839 187 898 tatibus
210 837 535 911 incommunicantibus,
559 855 633 912 quas
655 836 752 896 verbis
776 838 937 912 exprimere
960 838 1084 893 nonest

76 927 231 1004 possibile,
258 927 334 984 sicut
361 917 487 983 diximus
503 927 546 982 'in
572 919 718 1001 principio
744 928 900 984 tractatus.
951 924 991 983 Et
1017 925 1083 999 ipsa

77 1017 197 1092 quidem
223 1016 255 1072 in
278 1017 338 1072 tres
361 1014 505 1072 dividitur
529 1015 644 1089 partes,
672 1032 798 1089 quarum
820 1033 937 1090 queque
960 1032 1029 1088 pars
1052 1015 1084 1070 in

77 1107 151 1164 duas
179 1122 298 1162 rursum
324 1103 512 1162 distribuitur
538 1105 647 1177 partes.
694 1101 772 1161 Sunt
793 1122 863 1180 ergo
887 1101 1125 1160 omnesdivi·1o

78 1197 174 1253 siones
203 1212 266 1266 sex,
294 1212 352 1267 que
376 1195 447 1250 sunt
469 1209 519 1250 sex
541 1191 618 1249 linee
640 1192 839 1266 precedentes.
878 1191 980 1249 Prima
1002 1211 1084 1248 nam-

79 1303 136 1358 que
160 1301 261 1340 earum
284 1284 315 1339 et
338 1282 447 1356 quarta
470 1283 551 1354 sunt,
575 1282 609 1338 ut
633 1280 780 1356 quadrata
803 1298 904 1338 earum
927 1279 1085 1338 coniuncta

80 1374 139 1430 sint
161 1369 316 1445 rationale,
340 1372 370 1428 et
393 1387 441 1443 ea,
464 1388 522 1444 que
545 1370 714 1427 continetur
736 1368 773 1428 ab
797 1370 852 1442 eia,
876 1369 915 1428 sit
937 1367 1085 1440 medialis;

79 1460 207 1520 secunda
234 1477 303 1518 voro
331 1477 433 1516 earum
460 1461 491 1516 et
517 1459 624 1532 quinta
649 1460 730 1532 sunt,
756 1461 791 1517 ut
814 1456 962 1532 quadrata
985 1475 1087 1515 earum

80 1549 238 1610 coniuncta
266 1543 368 1624 <sint>
395 1546 535 1620 mediale,
563 1548 601 1604 et‘
621 1565 668 1622 aa,
697 1565 755 1622 que
783 1546 952 1606 continetur
975 1545 1011 1602 ab
1036 1545 1086 1618 eis,
1101 1557 1126 1598 15

79 1640 120 1698 sit
141 1637 310 1710 rationalis3
332 1636 426 1695 tercia
449 1653 569 1711 quoque
592 1638 622 1692 et
645 1637 728 1694 sexta
752 1653 855 1692 earum
874 1637 950 1709 sunt,
973 1637 1009 1692 ut
1028 1633 1088 1692 sint

79 1727 227 1804 quadrata
249 1744 352 1784 eanrm
374 1724 533 1784 coniuncta
555 1722 694 1798 mediate,
718 1725 748 1781 et
771 1742 815 1798 ea,
839 1742 897 1799 que
920 1723 1089 1781 continetur

80 1817 117 1876 ab
141 1816 196 1889 eis,
219 1815 259 1873 sit
281 1814 424 1872 medialis.
474 1888 476 1892 7

168 1903 258 1962 Volo
281 1902 442 1960 invenire
465 1901 660 1975 binomium
683 1900 898 1960 absolutum.
933 1971 936 1976 Ι

170 1990 301 2067 Signabo
323 1991 424 2066 itaque
448 1990 522 2048 duas
545 1990 639 2049 lineas
657 1990 689 2047 in
707 1990 843 2064 potentia
860 1992 980 2048 tantum
998 1989 1087 2047 ratio·
1103 2002 1129 2041 so

83 2081 165 2137 nalos
193 2083 223 2137 et
250 2079 499 2137 communicantes
527 2080 557 2136 et
584 2078 767 2137 continentes
793 2079 934 2151 mediale,
962 2096 1090 2152 quarum

84 2167 232 2244 quadrata
254 2166 412 2225 coniuncta
435 2168 505 2224 sunt
522 2165 678 2244 rationale,
701 2186 759 2241 que
778 2167 839 2224 sint
856 2169 897 2225 ob
917 2168 948 2224 et
971 2168 1017 2239 bo.
1050 2166 1091 2223 nt

240 2336 258 2389 9
306 2318 389 2372 radico
408 2323 464 2372 octo
512 2318 528 2371 b
634 2317 772 2372 radicclo
886 2336 906 2371 c

249 2386 522 2424 1————r
893 2387 897 2423 ι

518 2495 532 2547 b
790 2511 808 2564 p
888 2512 905 2546 o

530 2563 533 2600 Ι
794 2565 896 2640 zi

719 2654 850 2708 radicclo
863 2655 962 2725 absquo
1081 2665 1083 2668 ’

759 2726 853 2780 radice
866 2733 922 2781 octo

84 2879 147 2954 ipso
174 2881 245 2936 sunt
271 2877 356 2935 radix
383 2875 483 2935 docem
510 2877 541 2934 et
567 2875 652 2933 radix
679 2878 753 2934 octo.
800 2875 875 2934 Cum
902 2895 972 2954 ergo
1002 2875 1092 2934 simul

82 2967 315 3044 coniunguntur,
332 2965 389 3024 erit
406 2963 571 3024 binomium
589 2963 766 3038 absolutum,
785 2965 866 3040 quod
884 2967 929 3024 est
948 2965 1026 3023 linea
1041 2983 1091 3038 op.

84 3054 170 3124 Quod
198 3075 231 3113 ex
258 3056 301 3113 eis
328 3053 421 3131 igitur
448 3055 628 3130 aggregatur
656 3056 701 3112 est
727 3053 889 3112 binomium
912 3053 1091 3127 absolutum,
1106 3063 1131 3103 25

84 3275 86 3281 ›
157 3247 181 3296 b.
200 3242 381 3312 narrandum]
400 3239 522 3295 na'dum.
541 3271 575 3281 -
594 3245 619 3293 6.
639 3239 794 3309 compositi.
813 3273 848 3280 -
873 3247 913 3294 12.
933 3240 963 3293 in
982 3240 1092 3307 quarta.

86 3344 119 3352 —
139 3316 171 3366 ut
189 3315 297 3380 quarta.
317 3345 351 3353 -
373 3318 415 3366 14.
434 3309 544 3382 quinta]
564 3309 721 3365 coniuncta.

160 3511 184 3575 1)
202 3506 337 3562 Eoonmas
357 3506 477 3563 Curam
492 3506 527 3575 X,
546 3511 580 3561 35
599 3472 757 3577 (meraon
771 3505 812 3575 K,
830 3507 893 3573 *Ap
