2408 3848
112 155 227 209 XXVIII
472 153 754 208 PROLEGOMENA.

112 320 212 368 rantur
235 315 361 384 anputa‘.
401 313 455 367 Per
477 313 553 382 quod
575 311 663 366 voluit
685 312 821 382 intelligi,
844 315 888 381 ut,
913 310 1122 380 cumprimum

111 393 266 461 ponderum
288 393 402 463 ponitur
424 394 454 446 in
477 410 533 447 una
556 392 636 446 lance
659 393 782 447 trutinae
805 396 835 447 et
853 391 1005 446 secundum
1024 407 1122 446 eorum

112 472 142 525 in
166 473 255 528 altera
278 473 371 544 lance,
395 476 424 528 et
447 471 627 543 suspenditur
648 472 756 527 trutina
778 472 954 542 suspensorio
980 488 1042 540 suo,
1067 471 1121 525 erit

114 553 246 622 angulus,
274 571 357 622 quem
384 553 541 608 circumdat
563 555 669 606 statera
696 556 725 607 et
752 553 960 623 suspensorium
986 550 1120 619 trutinae,

87 645 186 687 sunus
206 635 242 688 ad
260 634 375 688 tertium
393 637 422 688 et
440 636 579 702 quartum,
599 650 662 687 oum
679 632 794 687 tertium
811 633 897 687 fuerit
914 632 1039 702 positum
1056 630 1120 685 loco

112 713 204 783 primi,
224 717 253 769 et
271 717 402 783 quartum
419 714 450 767 in
468 713 530 768 loco
549 712 672 768 secundi.
700 713 737 767 Et
756 712 886 767 similiter
903 712 928 765 si
946 712 1076 779 quintum
1090 710 1120 764 in

113 793 175 847 loco
189 793 272 863 primi
289 797 318 848 et
331 794 408 848 tertii
422 796 552 864 ponatur,
567 796 596 848 et
610 796 719 848 sextum
732 793 834 847 inloco
849 791 964 847 secundi
979 793 1007 845 et
1016 790 1119 858 quarti.

113 872 150 926 Et
164 889 227 926 cum
240 873 362 942 primum
375 874 461 929 etiam
476 877 504 928 et
519 874 670 928 secundum
683 873 713 926 in
728 874 837 927 duabus
851 872 980 926 lancibus
989 873 1119 940 ponatur,

113 952 228 1006 tertium
251 957 280 1007 et
298 956 429 1021 quartum
451 954 482 1006 in
504 954 613 1008 duabus
636 953 764 1008 lancibus
788 953 904 1007 alterius
927 950 1064 1018 trutinae,
1091 953 1120 1006 et

74 1046 100 1086 1o
114 1032 243 1100 quintum
261 1036 290 1087 et
309 1037 418 1088 sextum
436 1033 466 1087 in
480 1034 589 1088 duabus
603 1034 731 1088 lancibus
746 1033 869 1087 trutinae
883 1032 993 1101 tertiae,
1013 1030 1119 1101 anguli,

113 1111 162 1180 qui
181 1115 246 1166 sunt
263 1113 338 1167 inter
356 1114 533 1183 suspensoria
550 1113 720 1169 trutinarum
739 1116 768 1167 et
785 1115 905 1167 stateras
924 1129 1032 1180 earum,
1054 1113 1120 1164 sunt

113 1192 201 1246 etiam
227 1193 283 1248 uni.
329 1194 383 1247 Per
404 1194 457 1248 hoc
480 1197 587 1263 autern,
615 1194 691 1262 quod
718 1193 748 1246 in
770 1192 861 1247 verbis
887 1192 947 1246 eius
969 1190 1118 1260 invenitur,

114 1271 223 1327 scilicet
240 1291 274 1328 ecc
291 1275 417 1342 diversis,
437 1276 441 1347 Ι
461 1274 551 1329 voluit
568 1273 703 1343 intelligi,
732 1273 808 1341 quod
831 1289 894 1326 cum
911 1271 1032 1342 primum
1049 1288 1119 1340 pon·
1138 1271 1169 1320 31

114 1352 211 1405 derum
224 1353 310 1408 fuerit
323 1355 441 1423 aequale
456 1355 586 1423 secundo,
601 1356 708 1408 statera
721 1353 846 1408 trutinae
860 1353 914 1407 erit
927 1369 991 1405 cum
1004 1357 1120 1420 suspen-

74 1445 99 1484 15
115 1431 187 1486 sorio
211 1432 298 1502 ipsius
317 1435 478 1505 coniuncta,
506 1450 597 1502 neque
621 1433 675 1488 erit
697 1433 771 1488 inter
794 1450 828 1488 ea
851 1433 978 1504 angulus.
1014 1431 1119 1485 annus

113 1514 208 1566 autem
227 1514 359 1569 diffinivit
375 1515 585 1585 proportionem
603 1513 711 1567 dicens:
736 1513 884 1580 „Pondere
898 1511 1122 1581 proportionalia

113 1593 220 1648 dianna
237 1602 303 1651 arnt
324 1612 370 1662 ea,
393 1613 462 1664 qaae
480 1612 540 1649 cnm
558 1610 681 1663 appensa
698 1593 816 1661 fuerint,
839 1599 919 1648 nant
940 1593 1027 1646 lineae
1046 1591 1120 1645 ordi-

112 1680 195 1728 natae
212 1677 360 1744 anianique
379 1675 546 1729 antecedenti
563 1689 656 1728 earnm
674 1679 699 1728 ct
712 1674 882 1744 consequenti
899 1689 981 1741 snper
994 1672 1122 1741 aequales

113 1755 229 1824 capnios
246 1755 398 1823 superficiei
415 1753 588 1808 honzontic‘.
619 1751 699 1816 Quod
719 1752 805 1808 etiam
823 1753 853 1806 in
868 1751 954 1806 nullis
974 1753 1122 1820 separatur

72 1846 98 1886 ao
113 1833 149 1886 ab
178 1848 225 1900 eo,
258 1833 410 1887 secundum
426 1833 513 1901 'quod
540 1832 694 1886 marmano
726 1833 880 1903 ponderum
910 1830 1122 1902 proportionem

114 1911 252 1967 diffinivit.
287 1911 440 1966 Ostendam
458 1912 545 1983 igliur
562 1911 643 1982 illud,
662 1915 692 1967 et
708 1929 813 1982 ponam
831 1914 901 1966 duas
920 1928 954 1965 ex
971 1911 1121 1981 perpendi-

114 1990 255 2045 cularibus
283 1993 453 2047 trutinarum
480 1995 518 2048 ab
523 2034 532 2060 ,
553 1994 595 2064 pd
622 1992 773 2063 disposItas
801 1995 922 2061 quatuor
948 1991 1121 2061 ponderibus

113 2090 144 2140 a,
163 2073 192 2139 b,
209 2089 239 2142 p,
258 2075 290 2141 ci,
313 2075 342 2127 et
365 2073 402 2127 sit
421 2073 565 2143 proportio
584 2092 602 2128 a
621 2075 658 2128 ad
677 2075 692 2127 b
711 2072 785 2127 sicut
802 2090 820 2143 p
838 2071 875 2125 ad
893 2073 924 2139 d,
948 2073 977 2124 et
996 2070 1034 2123 sit
1051 2087 1121 2124 una-

618 2245 635 2292 b
733 2225 748 2270 t

112 2981 221 3034 queque
241 2981 336 3019 earum
359 2965 389 3018 in
408 2965 465 3018 dua
482 2963 576 3018 media
595 2962 685 3016 divisa
708 2977 791 3031 super
811 2962 866 3016 duo
885 2965 991 3032 puncta
1008 2982 1029 3018 n
1047 2967 1076 3018 et
1094 2967 1121 3035 a,

72 3058 98 3098 aa
114 3047 142 3098 et
161 3045 233 3097 duae
253 3047 375 3098 staterae
394 3060 490 3098 earum
508 3043 565 3096 sint
579 3043 651 3097 duae
665 3041 757 3096 lineae
772 3045 881 3097 erectae
895 3061 915 3097 n
934 3046 962 3098 et
975 3046 1002 3112 ii,
1021 3047 1050 3097 et
1064 3045 1121 3100 duo

112 3123 290 3193 suspensoria
309 3141 405 3178 earum
423 3123 480 3178 sint
499 3123 571 3177 duae
589 3122 681 3176 lineae
699 3128 743 3189 tn,
761 3122 813 3190 aa,
839 3139 957 3189 quarum
976 3123 1122 3190 quaelibet

112 3204 264 3258 secundum
281 3204 480 3260 rectitudinem
497 3219 586 3272 usque
606 3203 642 3255 ad
655 3199 809 3255 horizontis
824 3202 998 3271 superficiem
1013 3203 1049 3256 ad
1064 3204 1121 3259 duo

110 3287 216 3353 puncta
231 3286 241 3338 l
255 3287 283 3339 et
297 3303 323 3340 m
336 3287 515 3356 producatur,
531 3285 560 3338 et
573 3280 774 3352 protrahantur
788 3280 860 3334 duae
874 3282 1121 3352 perpendiculares

111 3365 150 3418 ab
169 3367 198 3417 et
215 3366 257 3434 pd
280 3365 433 3419 secundum
455 3361 666 3429 reotItudinem,
691 3361 779 3414 donec
798 3365 945 3416 occurrant
964 3363 1122 3432 superficiei

70 3455 98 3496 so
110 3442 264 3497 horizontis
287 3444 317 3497 in
341 3445 449 3498 duobus
471 3441 584 3512 punctis
602 3459 622 3496 n
646 3443 674 3494 et
691 3457 711 3495 s.
753 3439 935 3494 Manifestum
958 3445 1001 3496 est
1024 3442 1120 3512 igitur,

111 3524 186 3593 quod
213 3524 285 3577 duae
313 3523 404 3577 lineae
432 3526 470 3591 tl,
493 3523 542 3576 itm
569 3522 635 3574 sunt
663 3521 735 3574 duae
762 3520 1006 3589 perpendiculares
1036 3540 1121 3592 supra
