2408 3848
393 153 442 207 AD
461 152 647 208 EUCLIDEM
664 153 730 208 LlB.
746 154 778 208 X.
1017 155 1083 220 373

74 321 206 380 ficierum
230 323 273 395 ple
301 324 331 379 et
356 322 400 381 hcl
425 322 511 380 radix
534 323 589 382 80:
618 341 688 400 ergo
713 342 782 381 area
804 323 897 382 totius
921 324 1087 399 superficiei

76 414 121 470 est
150 412 199 468 24.
244 409 280 467 In
308 410 460 486 superficie
488 429 558 471 vero
581 412 729 488 quadrata
751 411 786 469 fit
808 412 888 471 linea
910 413 948 470 clc
971 414 1086 488 equalis

74 499 168 558 radici
201 499 366 575 superficiei
393 504 441 575 ot,
474 503 504 559 et
530 501 571 574 qlc
597 500 632 559 fit
659 501 773 577 equalis
800 501 894 560 radici
922 502 1088 577 superficiei

74 590 123 665 td,
152 592 182 647 ct
205 588 371 664 superficies
395 590 440 647 lca
463 590 576 665 equalis
600 590 766 666 superficiei
787 591 842 666 yle,
867 593 897 649 et
919 590 1087 666 superficies

74 679 126 736 lem
148 677 183 735 fit
205 678 319 754 equalis
344 677 509 754 superficiei
533 680 576 754 tc,
602 681 633 737 et
656 679 838 755 quadratum
861 681 906 737 ml
927 678 963 737 fit
986 681 1090 754 equale
1118 694 1130 735 5

75 766 242 842 superficiei
271 769 324 841 by,
353 770 383 826 et
410 785 480 826 area
509 767 649 843 quadrati
676 769 713 826 al
737 768 772 826 fit
796 769 837 826 24
862 768 972 844 absque
994 768 1092 828 radice

77 857 149 915 320.
190 855 287 914 Radix
311 875 381 934 ergo
405 856 477 931 eius,
501 876 557 932 que
582 859 626 916 est
649 856 729 915 linea
751 874 796 931 sq,
821 859 851 914 et
874 860 918 916 est
940 857 1025 915 radix
1050 859 1091 916 20

75 945 186 1020 absque
210 937 373 1022 duobus1),
401 948 501 1021 potest
523 963 614 1021 supra
637 945 823 1022 superficiem
847 946 899 1022 dp,
928 949 958 1004 et
981 949 1025 1005 est
1047 965 1091 1004 re-

76 1033 208 1110 siduum3
241 1036 271 1092 et
300 1035 356 1094 hoo
385 1034 507 1110 quidem
535 1035 663 1093 occurrit
689 1034 721 1092 in
748 1033 884 1092 omnibus
911 1035 1015 1112 figmis
1042 1054 1092 1093 sex

75 1123 296 1198 quadratorum.
343 1123 503 1182 Reiterabo
527 1125 630 1183 autem
653 1123 885 1182 declarationem
907 1124 1092 1199 probationis
1106 1141 1132 1180 rc

75 1229 165 1286 supra
187 1211 250 1270 hoc.
298 1209 473 1287 superficies
497 1212 619 1286 quidem
642 1231 682 1272 oc
704 1213 736 1270 in
758 1213 800 1272 acl
823 1214 868 1270 est
887 1212 1001 1288 equalis
1020 1232 1091 1288 qua·

74 1300 160 1358 drato
194 1301 245 1358 cd:
279 1318 348 1376 ergo
379 1301 533 1376 proportio
560 1317 601 1360 oa
628 1300 667 1358 ad
694 1302 733 1359 ccl
761 1303 806 1358 est
833 1301 909 1359 sicut
936 1302 1089 1377 proportio

75 1390 115 1448 ccl
146 1388 184 1446 ad
214 1389 268 1464 ola,
300 1407 370 1465 ergo
398 1389 552 1464 proportio
581 1389 747 1465 superficiei
775 1391 813 1449 ba
841 1390 879 1448 ad
907 1389 1092 1466 superficiem

74 1478 117 1536 dle
146 1480 191 1536 eet
219 1477 295 1535 siout
322 1479 478 1553 proportio
507 1478 672 1554 superficiei
700 1478 743 1537 dle
771 1478 809 1536 ad
838 1479 1022 1554 superficiem
1049 1481 1092 1538 ct.

74 1567 154 1644 Ergo
178 1568 257 1624 inter
275 1567 313 1626 ta
332 1569 362 1624 et
379 1568 416 1626 olt
439 1570 484 1626 est
503 1566 672 1642 superficies
691 1567 853 1625 secundum
871 1568 1093 1643 proportionem
1107 1583 1132 1625 15

74 1674 188 1732 earum,
222 1674 278 1730 que
308 1658 353 1714 est
380 1657 436 1715 olle:
469 1655 533 1714 dico
561 1655 667 1732 igitur,
700 1656 779 1730 quod
806 1655 885 1714 inter
911 1657 945 1714 lcl
974 1660 1004 1715 et
1031 1658 1092 1732 lom,

75 1745 243 1821 superficies
267 1745 439 1820 quadratae,
465 1748 510 1803 est
533 1744 625 1802 etiam
648 1744 818 1820 superficies
842 1745 1003 1804 secundum
1025 1764 1092 1821 prc-

73 1834 241 1909 portionem
260 1853 372 1908 earum,
391 1853 447 1909 que
467 1836 512 1893 eet
529 1834 582 1908 lca,
602 1833 745 1908 quoniam
764 1835 810 1908 ba,
829 1836 865 1893 dt
883 1838 953 1893 sunt
972 1836 1091 1910 equales

74 1924 120 1996 lul,
148 1923 213 1996 tm,
237 1924 267 1979 et
289 1923 333 1981 dh
356 1925 400 1980 est
423 1923 538 1998 equalis
560 1922 611 1981 lca.
658 1921 715 1980 Sed
739 1924 782 1996 clf
801 1926 846 1983 est
869 1925 960 2000 dupla
983 1925 1039 1999 dle,
1063 1926 1093 1982 et

75 2027 183 2085 gnomo
212 2028 282 2068 cmr
309 2012 339 2068 et
362 2011 541 2085 quadratum
564 2005 658 2089 <mt>
681 2012 770 2070 simul
793 2015 864 2071 sunt
887 2014 1012 2089 duplum
1034 2013 1088 2084 lca
1104 2030 1130 2069 2ο

77 2116 148 2174 ergo
181 2099 224 2170 df
252 2102 377 2173 equatur
409 2098 550 2175 gnomoni
581 2117 651 2158 erar
683 2103 713 2158 ct
740 2101 887 2176 quadrato
914 2104 967 2161 mlo
994 2103 1090 2160 simul.

76 2185 261 2256 Quadratum
288 2189 388 2244 autem
415 2188 468 2246 lem
495 2191 540 2246 est
567 2189 672 2263 equale
695 2190 860 2265 superficiei
883 2192 931 2266 tel,
958 2193 1092 2248 remanet

75 2294 145 2353 ergo
169 2276 207 2334 ba
231 2275 345 2350 equalis
367 2278 516 2353 gnomoni.
558 2277 625 2336 Erit
644 2297 714 2354 ergo
734 2277 913 2353 quadratum
931 2297 969 2352 sq
988 2279 1091 2353 equale

76 2363 241 2440 superficiei
268 2366 324 2441 by,
355 2384 425 2443 ergo
453 2383 491 2439 sq
518 2368 618 2441 potest
645 2385 735 2441 supra
763 2367 810 2440 by.
863 2365 921 2424 Sed
948 2384 988 2426 ca
1015 2385 1091 2425 com-

74 2453 207 2512 municat
236 2455 277 2514 ad
303 2454 336 2512 in
359 2454 561 2533 longitudine,
590 2458 620 2513 et
643 2457 687 2514 od
710 2455 910 2515 communicat
932 2457 1091 2530 unicuique
1106 2474 1131 2514 25

76 2542 204 2600 duarum
226 2543 374 2602 linearum
397 2563 450 2619 oc,
472 2546 513 2604 acl
535 2545 568 2602 in
590 2543 791 2621 longitudine,
815 2546 845 2602 et
867 2546 912 2603 ccl
935 2548 979 2604 est
1001 2545 1091 2604 ratio-

75 2632 153 2690 nalis
182 2635 212 2690 et
240 2636 285 2691 est
312 2635 532 2692 communicans
560 2635 601 2693 ab
628 2633 661 2690 in
688 2632 888 2710 longitudine,
921 2653 991 2712 ergo
1019 2654 1092 2693 una-

78 2739 193 2796 queque
226 2721 353 2780 duarum
384 2723 531 2781 linearum
563 2739 616 2798 aa,
648 2723 689 2782 acl
721 2724 766 2780 est
797 2723 953 2780 rationalis
986 2727 1016 2782 et
1048 2727 1093 2783 est

78 2809 297 2868 communicans
313 2812 366 2870 -ssub
392 2813 424 2868 iu
446 2811 646 2889 longitudine:
674 2828 744 2887 ergo
767 2829 943 2886 unaqueque
966 2812 1092 2870 duarum

76 2898 296 2975 superficierum
321 2901 367 2975 ba,
390 2901 426 2958 dt
448 2902 493 2958 est
515 2899 679 2959 rationalis.
722 2897 779 2957 Sed
802 2901 865 2975 ipse
884 2903 953 2972 sunt
972 2901 1092 2975 equales
1105 2918 1131 2958 co

75 2988 121 3063 lcl,
150 2989 214 3063 tm,
239 2990 269 3046 et
291 2989 338 3062 lcl,
360 2989 413 3046 lem
436 2991 506 3046 sunt
529 2988 587 3047 duo
612 2987 760 3062 quadrata
782 2989 834 3064 les,
857 2989 910 3062 leq:
938 3009 1008 3067 ergo
1032 2990 1091 3049 duc

75 3076 222 3152 quadrata
249 3077 300 3151 lca,
328 3077 369 3149 loq
397 3079 466 3134 sunt
493 3076 655 3135 rationalia
678 3078 708 3134 et
731 3078 987 3137 communicantia.
1034 3077 1093 3136 Sed

146 3269 186 3317 12.
207 3264 285 3335 ergo]
306 3263 362 3317 sed.
383 3295 417 3302 -
442 3267 483 3317 16.
504 3263 580 3332 quod
598 3263 743 3333 proportio
762 3263 843 3319 inter.
864 3296 897 3305 —
923 3271 966 3320 20.
986 3283 1088 3336 gnomo

74 3335 150 3404 erar]
170 3351 272 3404 gnomo
292 3334 353 3388 erit.
374 3365 408 3374 -
428 3340 470 3389 21.
490 3336 545 3407 df]
564 3336 605 3402 fa.
624 3367 659 3375 -
679 3336 812 3405 gnomoni
832 3335 892 3391 erit.

146 3530 171 3598 1)
190 3529 241 3582 Est
260 3529 334 3584 enim
353 3513 432 3603 (Vm
445 3562 479 3570 -
495 3513 539 3600 2)¹
556 3558 589 3578 =
606 3538 640 3586 24
655 3565 689 3572 -
703 3519 798 3605 ffl-
