2408 3848
112 158 178 222 252
397 158 562 213 ANARITII
580 156 836 213 COMMENTARII

113 346 170 403 que
197 325 367 386 continetur
394 326 431 385 ab
459 345 500 402 ay
528 328 558 384 et
582 328 638 401 qb,
665 345 757 402 supra
778 325 962 402 superficiem
985 327 1129 402 equalem

113 415 205 490 duplo
228 415 300 490 eius,
324 435 381 491 que
405 415 573 475 continetur
595 415 633 474 ab
656 417 700 475 od
724 419 754 474 et
777 416 826 475 db.
872 416 913 473 nt
936 415 1027 474 etiam
1050 417 1130 491 quia

112 504 282 579 superficies
306 506 339 577 lf
358 507 403 563 est
425 504 607 580 superfluum
630 503 796 579 superficiei
819 506 856 577 ef
868 499 1002 582 (supra)
1021 522 1128 579 super-

112 593 209 652 ficiem
234 611 282 668 ae,
311 595 341 650 et
367 593 535 668 superficies
564 594 601 666 ef
621 595 666 651 est
689 593 804 668 equalis
827 593 1027 652 coniunctioni
1050 593 1129 653 duo-

86 695 178 740 srum
206 681 421 756 quadratorum
443 700 485 757 ay
508 685 539 740 ct
558 684 613 757 pb,
637 685 667 739 et
689 681 859 757 superficies
883 700 917 742 ce
939 685 985 740 est
1007 683 1128 756 equalis

113 769 312 830 coniunctioni
339 770 464 830 duorum
487 771 701 846 quadratorum
724 772 768 828 od
791 774 821 830 et
843 772 897 830 db:
926 790 996 847 ergo
1020 789 1128 846 super-

112 859 205 917 fluum
229 859 442 918 coniunctionis
463 860 589 918 duorum
607 858 820 935 quadratorum
839 877 881 933 cp
900 854 904 936 l
925 862 955 918 et
971 861 1012 933 pb
1032 878 1127 935 supra
1147 867 1182 916 50

113 947 170 1006 duo
194 948 341 1024 quadrata
364 950 408 1008 od
431 951 461 1006 et
483 950 525 1007 db
548 951 594 1006 est
617 948 722 1023 equale
746 947 894 1023 superfluo
918 948 1003 1023 dupli
1021 967 1127 1023 super-

111 1036 201 1112 ficiei,
228 1056 287 1113 que
315 1037 483 1096 continetur
510 1055 528 1094 a
554 1036 641 1095 lineis
669 1054 711 1110 oy
743 1039 773 1095 ot
797 1038 852 1111 yb,
880 1055 970 1112 supra
997 1036 1128 1111 duplum
1180 1028 1182 1034 ¹

72 1141 98 1180 ro
112 1125 288 1202 superficiei,
311 1145 367 1201 qne
391 1125 560 1185 continetur
582 1145 600 1184 a
622 1125 709 1184 lineis
732 1126 776 1184 od
799 1128 830 1183 et
847 1126 902 1200 db,
927 1128 956 1182 et
973 1125 1050 1182 illud
1069 1131 1128 1202 est,

113 1215 194 1290 quod
216 1214 418 1274 demonstrare
440 1206 629 1296 voluimus.¹)

159 1473 253 1564 lcum
277 1481 459 1557 quantitates
483 1480 671 1540 adinvicem
693 1484 915 1556 comparantur,
939 1480 996 1539 alie
1020 1499 1127 1540 eorum
1146 1488 1180 1536 51

112 1573 184 1629 sunt
206 1570 521 1647 communicantes,
545 1569 603 1628 alie
627 1569 978 1629 incommunicantcs.

201 1659 510 1719 Communicantes
542 1660 627 1732 sunt,
659 1658 766 1733 quibus
798 1677 860 1716 una
892 1657 1044 1734 quantitas
1077 1659 1126 1717 in-

72 1762 97 1802 is
111 1749 231 1808 venitur
253 1747 426 1821 communis,
449 1765 506 1821 quo
529 1746 691 1806 communis
715 1765 818 1805 earum
835 1766 905 1822 pars
924 1747 1052 1806 existens
1073 1767 1127 1808 eas

112 1856 212 1896 omnes
225 1835 358 1908 metitur,
372 1834 620 1910 quemadmodum
636 1834 668 1892 in
688 1835 917 1912 quantitatibuS,
936 1855 993 1912 que
1006 1855 1127 1911 ponun-

111 1928 161 1985 tur
182 1923 312 1997 numori,
336 1925 469 1998 apparot.

200 2011 392 2082 Quantitates
415 2031 533 2088 quoque
556 2012 757 2072 rationales
777 2016 857 2087 sunt,
876 2031 951 2089 quas
969 2031 1031 2071 una
1050 2016 1128 2073 nota

111 2102 264 2178 quantitas
285 2100 416 2159 metitur.
460 2101 529 2177 Ipse
552 2120 622 2178 ergo
646 2105 715 2160 sunt
738 2101 997 2161 communicantes.

72 2205 98 2245 ao
201 2189 388 2265 Quapropter
406 2208 506 2249 omnes
525 2190 589 2249 due·
597 2191 780 2266 quantitates
799 2191 1050 2250 communicantes
1070 2196 1127 2250 aut

112 2283 183 2339 sunt
208 2279 383 2354 rationales,
410 2280 465 2337 aut
492 2282 561 2338 sunt
588 2280 689 2354 surde3
718 2282 748 2338 et
773 2299 869 2354 neque
897 2279 1056 2356 contingit,
1087 2285 1127 2339 ut

111 2386 173 2426 una
200 2386 303 2427 earum
331 2367 370 2426 sit
398 2367 487 2426 surda
514 2371 544 2427 et
569 2369 664 2427 altera
686 2367 1021 2444 rationaliaquoniam
1042 2368 1127 2427 inter

112 2457 233 2518 surdam
246 2451 320 2535 <et>
334 2457 512 2515 rationalem
529 2476 589 2516 non
607 2460 653 2516 est
669 2456 865 2516 communitas
879 2457 911 2515 in
924 2457 1126 2534 longitudine.

200 2545 549 2606 Incommunicantes
573 2549 673 2604 antem
696 2545 880 2622 quantitates
903 2549 987 2620 sunt,
1013 2546 1126 2620 quibus

72 2647 97 2687 2⁵
111 2653 171 2694 non
206 2635 359 2694 invenitur
396 2635 549 2710 quantitas
580 2653 641 2693 una
672 2635 847 2708 communis,
879 2653 1038 2693 numerans
1072 2654 1126 2694 eas

112 2742 212 2784 omnes
240 2723 319 2782 sicut
344 2742 536 2781 numerorum
561 2723 689 2799 radices,
716 2723 769 2799 qui
797 2742 857 2782 non
879 2726 950 2782 sunt
973 2723 1126 2800 quadrati,

112 2831 180 2872 cum
207 2813 246 2870 ad
272 2830 410 2870 numeros
439 2815 656 2887 comparantur.
703 2808 806 2870 Omnis
832 2811 911 2870 cuim
934 2813 1125 2888 quantitatis,

111 2921 168 2987 que
182 2901 303 2978 ponitur
316 2919 455 2959 numerus
472 2900 552 2959 inter
568 2900 716 2976 quoslibet
734 2901 807 2959 duos
825 2920 962 2960 numeros
982 2901 1124 2960 continue

184 3108 210 3173 1)
228 3103 282 3158 Hic
299 3103 390 3185 prima
407 3121 474 3173 pars
491 3103 575 3158 huius
595 3103 789 3159 commentarii
810 3103 841 3158 in
860 3105 999 3186 decimum
1017 3103 1126 3162 librum

111 3176 195 3230 finem
213 3175 313 3257 habet,
337 3193 386 3243 qu1
410 3192 425 3256 a
444 3174 550 3258 Graeco
569 3175 648 3230 fonte
665 3192 796 3230 manasse
814 3176 1048 3257 yens1milhmum
1067 3181 1120 3258 est.

111 3245 1124 3400 lrlruaruauurra1tretramusstl,t0lzarssa,hrr

111 3392 140 3443 et
157 3389 204 3457 IX,
224 3394 266 3470 39.
281 3459 286 3471 Ι
303 3388 429 3470 Alteram
451 3391 560 3473 partem
584 3392 777 3490 commeptam
795 3389 897 3444 Arab1s
923 3405 983 3444 esse
1003 3406 1072 3459 opus
1093 3393 1126 3444 et

110 3460 713 3602 {lutlttlltaattdttlttr
726 3459 936 3586 ‘alituum
955 3459 1071 3514 Μ
1087 3493 1123 3502 ““
