2408 3848
395 158 444 213 AD
463 158 647 214 aUcIrDaM
665 159 731 213 LIB.
747 159 780 214 X.
1018 159 1083 224 339

77 328 117 386 Et
143 329 297 404 proportio
326 329 365 402 bq
392 326 431 386 ad
455 329 499 401 qd
527 331 571 387 θεὴ
599 329 675 387 sicut
701 329 854 404 proportio
883 327 1023 402 quadrati
1044 329 1084 387 ab

77 418 114 475 ad
138 417 317 492 quadratum
337 418 380 490 bt,
402 417 555 492 proportio
578 436 648 476 vero
672 419 711 491 69
734 416 772 476 ad
792 419 836 491 qd
859 435 918 475 ncn
941 419 986 475 est
1008 417 1084 476 sicut

76 507 229 583 proportio
257 506 373 564 numeri
396 505 535 580 quadrati
558 505 772 565 adnumerum
795 505 985 582 quadratum:
1013 525 1082 583 crgo

76 597 116 654 ab
144 595 311 671 seiungitur
332 595 368 652 bt
389 594 421 652 in
443 594 629 671 longitudine
653 598 683 654 et
706 595 904 656 communicat
927 595 954 652 ei
976 594 1008 652 in
1030 614 1082 670 pc-

76 684 185 758 tentia,
214 701 283 760 ergo
307 684 346 742 ab
369 684 400 740 θὴ
420 684 456 742 bc
477 683 509 740 in
531 683 667 758 potentia
689 687 807 742 tantum
831 687 900 742 sunt
921 683 1082 742 rationales
1109 694 1122 734 5

78 777 107 831 θὴ
131 772 388 831 communicantes.
429 770 509 850 Ergo
532 776 565 832 rt
587 775 631 831 θεὴ
652 772 823 831 binomium.
865 769 918 848 [Et
936 771 1011 830 iilud
1030 775 1083 847 θεὴ,

78 862 157 936 quod
194 862 394 920 demonstrare
430 858 600 936 voluimus]
661 859 823 920 Ostendam
858 864 970 937 autem,
1008 861 1083 920 sicut

78 950 205 1025 ostendi,
234 949 314 1024 quod
340 950 380 1010 ab
406 952 506 1025 potest
532 967 622 1026 supra
645 950 755 1008 lineam
776 951 812 1008 bt
834 968 899 1008 cum
922 953 1082 1028 augmento

77 1039 229 1114 quadrati,
257 1037 346 1097 lateri
372 1038 454 1098 cuius
480 1038 513 1096 in
539 1039 724 1116 longitudine
752 1039 949 1099 communicat
971 1040 1025 1113 ab,
1053 1042 1083 1097 et

76 1128 279 1203 unusquisque
307 1127 432 1186 duorum
458 1147 649 1187 numerorum
675 1129 728 1202 ab,
754 1129 789 1186 66
815 1127 979 1205 seiungitur
1005 1128 1122 1185 linee1⁰

77 1236 96 1275 a
126 1216 267 1277 rationali
299 1216 368 1281 date
399 1216 432 1274 in
462 1216 660 1294 longitudine:
693 1235 762 1294 ergo
789 1220 822 1276 at
849 1219 893 1274 θεὴ
918 1216 1083 1276 binomium

76 1305 209 1364 tercium.
255 1305 295 1363 Et
322 1305 504 1380 superfluum
530 1305 608 1364 inter
631 1323 680 1365 eas
703 1308 748 1364 est
769 1305 921 1364 residuum
943 1305 1082 1380 tercium;

78 1398 107 1452 et
128 1395 203 1452 illud
226 1397 279 1470 θεὴ,
304 1394 384 1469 quod
406 1394 607 1453 demonstrare
629 1394 788 1454 voluimus.
812 1400 854 1434 -’

163 1483 366 1541 Bincmium
388 1486 557 1558 quartum
578 1483 751 1542 invenire.

163 1573 246 1631 Duas
269 1572 372 1647 itaque
395 1572 489 1630 lineas
511 1571 672 1632 rationales
696 1575 727 1630 et
747 1571 780 1629 in
798 1570 985 1648 longitudine
1005 1582 1121 1628 com-1⁵

74 1661 259 1720 municantes
283 1661 372 1735 dabo,
398 1680 456 1736 quc
479 1660 540 1719 sint
562 1679 582 1720 a
604 1664 635 1720 et
657 1662 709 1736 69,
734 1663 763 1719 θὴ
785 1679 894 1736 ponam
918 1661 966 1735 69,
989 1678 1082 1735 quan·

74 1753 137 1808 tam
172 1751 307 1824 voluero,
349 1749 446 1826 sitque
483 1753 503 1808 4
541 1770 575 1808 ex
611 1749 754 1823 numeris3
796 1752 826 1808 et
861 1767 971 1824 ponam
1007 1748 1082 1808 duos

497 1901 739 2009 hrudim?
860 1906 877 1953 4
990 1901 1006 1954 6

510 2238 641 2292 academia

657 2342 661 2379 ι
900 2331 921 2380 c

74 2473 210 2514 numeros
234 2457 286 2532 da,
309 2474 358 2532 ac,
383 2460 412 2516 ct
435 2459 580 2533 statuam,
603 2459 720 2515 utnon
743 2457 783 2516 sit
804 2457 958 2532 proportio
982 2459 1021 2517 dc
1043 2459 1081 2517 ad

73 2563 314 2621 unamquamque
342 2545 469 2604 duarum
497 2545 661 2605 sectionum
688 2545 764 2605 sicut
788 2545 942 2621 proportio
965 2548 1082 2606 numeri

75 2634 213 2709 quadrati
237 2635 275 2692 ad
297 2653 455 2693 numerum
477 2634 666 2710 quadratum,
688 2633 805 2710 sintque
829 2637 870 2694 10
889 2637 919 2693 θὴ
938 2637 966 2710 6,
990 2636 1082 2696 donec
1095 2648 1120 2688 2⁰

24 2730 53 2779 72
74 2723 113 2782 sit
141 2743 175 2781 ex
203 2722 244 2782 eis
272 2727 467 2801 aggregatum
497 2725 550 2800 16,
580 2726 610 2782 θὴ
636 2723 690 2782 fiat
716 2724 869 2799 proportio
893 2724 993 2784 dead
1018 2719 1021 2803 ὴ
1048 2743 1081 2785 ec

73 2812 152 2870 sicut
173 2812 327 2887 proportio
351 2807 532 2890 (quadrati)
551 2814 591 2887 bp
609 2812 647 2871 ad
665 2812 843 2888 quadratum
858 2813 914 2888 pb:
936 2813 1080 2889 multipli-

74 2900 146 2960 cabo
173 2901 269 2979 igitur
297 2904 330 2976 6,
359 2901 410 2976 qui
437 2905 482 2960 θεὴ
508 2921 569 2960 una
597 2901 724 2960 duarum
751 2901 926 2978 sectionum,
953 2903 985 2960 in
1008 2921 1080 2978 qua-

73 2990 194 3048 dratum
217 2991 270 3064 bp,
294 2990 373 3066 quod
396 2993 440 3050 est
464 2992 519 3066 16,
543 2990 599 3050 erit
622 3010 699 3069 crgo,
723 2991 804 3066 quod
825 2991 894 3050 inde
916 2992 1080 3068 proveniet,

74 3081 129 3153 963
158 3078 289 3137 dividam
316 3081 415 3138 autem
441 3099 495 3155 per
519 3081 573 3156 16,
602 3081 709 3138 exeunt
733 3099 802 3158 ergo
826 3100 861 3139 ex
883 3080 1026 3141 divisione
1051 3081 1080 3155 6,
1094 3090 1119 3130 2⁵

73 3167 158 3225 cuius
183 3167 268 3226 radix
291 3170 337 3227 est
358 3168 437 3226 linea
457 3169 513 3242 pb:
541 3168 605 3227 dico
628 3168 735 3246 igitur,
763 3169 844 3245 quod
867 3171 907 3228 66
931 3172 976 3228 θεὴ
997 3169 1080 3228 bino·

72 3255 167 3314 mium
189 3259 339 3332 quartum,
363 3256 443 3332 quod
466 3256 507 3315 sic
525 3257 676 3332 probatur.
718 3255 880 3317 Ostendam
898 3258 984 3332 enim,
1003 3257 1081 3316 sicut

74 3344 202 3420 ostendi,
234 3345 313 3422 quod
343 3346 384 3405 66
411 3347 456 3404 θεὴ
481 3345 652 3405 binomium.
703 3345 761 3405 Sed
788 3348 982 3424 augmentum
1008 3365 1079 3422 qua-

74 3432 153 3491 drati
180 3434 220 3506 bp
247 3452 334 3510 super
362 3434 540 3511 quadratum
565 3436 608 3508 pb
631 3438 676 3494 est
698 3435 878 3511 quadratum
900 3434 977 3492 linee
1000 3439 1026 3508 ὴ,
1051 3438 1082 3492 et

73 3521 227 3598 proportio
256 3524 277 3582 d
284 3541 298 3583 c
326 3523 365 3582 ad
392 3542 426 3584 ea
454 3527 498 3583 θεὴ
525 3522 602 3584 sieut
628 3524 787 3602 proportio
816 3521 969 3599 quadrati
984 3521 1037 3586 *oq
1064 3517 1150 3568 anan

896 3615 956 3667 aa*
