2408 3848
392 176 442 230 AD
461 174 647 230 EUOLIDEM
664 176 730 230 LIB.
745 175 777 230 X.
1019 175 1083 240 361

73 348 132 419 est,
165 344 295 402 diminue
327 345 385 403 duo
417 346 624 421 supplementa
652 366 687 405 ex
715 344 837 404 duobus*
857 342 1023 420 quadrata,
1056 346 1086 402 et

72 435 184 510 accipe,
203 433 283 509 quod
301 438 443 510 remanet,
462 433 622 493 seeundum
640 434 720 510 quod
738 437 784 493 est
801 434 832 491 in
846 433 949 512 figura.
986 433 1084 491 Huius

72 542 144 583 vero
172 522 265 600 figure
293 524 459 599 exemplum
486 527 543 599 est,
573 527 608 582 ut
634 523 714 582 linea
741 524 780 582 sit
808 524 847 597 by
875 542 910 581 ex
936 523 1016 580 linea
1043 523 1085 580 ab

73 615 227 688 separata,
254 615 284 671 et
312 614 353 672 ab
376 614 406 670 et
429 614 468 687 bo
492 613 551 672 sint
573 613 605 670 in
627 613 762 689 potentia
784 615 902 671 tantum
924 611 1085 669 rationales

66 695 105 760 ¹et
134 702 397 760 communicantes:
426 701 491 760 dieo
518 701 624 780 igitur,
653 702 731 778 quod
758 701 838 759 linea
866 719 907 775 aq
931 718 1085 758 remanens
1112 713 1125 755 ε

74 794 121 849 est
149 790 249 866 surda,
278 793 308 849 at
334 790 401 866 ipsa
424 791 533 850 dieitur
555 791 708 850 residuum
731 790 914 864 absolutum,
942 789 1022 865 quod
1045 788 1087 846 sie

73 878 227 956 probatur.
267 879 382 938 Ponam
405 882 492 955 enim,
514 883 550 939 ut
572 880 612 939 sit
634 879 803 956 superficies
821 881 861 938 de
879 878 994 954 equalis
1013 877 1085 936 duo-

72 969 129 1027 bus
157 967 310 1043 quadratis
339 970 380 1027 ab
408 971 438 1027 et
461 971 513 1044 tq,
541 972 571 1028 et
594 969 717 1045 duplum
739 970 780 1027 ab
802 968 834 1026 in
858 970 897 1042 by
920 967 959 1026 sit
982 967 1086 1042 equale

73 1049 240 1132 superficiei
264 1075 310 1117 ez:
341 1060 435 1117 restat
463 1077 546 1136 ergo,
577 1061 612 1116 ut
639 1057 816 1133 quadratum
844 1075 885 1132 aq
913 1055 952 1115 sit
980 1056 1086 1132 equale

74 1145 239 1221 superficiei
262 1147 312 1205 olle.
353 1147 434 1224 Ergo
457 1147 516 1206 duo
540 1147 687 1223 quadrata
710 1148 761 1221 ab,
784 1147 823 1220 bo
842 1145 999 1206 coniuncta
1017 1146 1087 1204 sunt
1101 1159 1128 1199 ιο

73 1234 222 1293 rationale
245 1234 276 1292 in
299 1236 435 1310 potentia
456 1238 584 1310 tantum,
608 1235 658 1294 sed
682 1234 850 1310 superficies
873 1236 914 1293 ab
933 1235 964 1292 in
984 1236 1023 1308 by
1042 1236 1087 1291 est

73 1323 224 1400 medialis,
252 1327 282 1383 et
304 1324 428 1399 duplum
451 1324 512 1382 eius
536 1328 582 1383 est
603 1323 740 1399 mediale,
763 1325 903 1399 quoniam
926 1322 1087 1381 eommuni-

74 1415 125 1472 cat
148 1414 184 1488 ei,
208 1432 277 1490 ergo
302 1430 336 1473 ez
359 1416 404 1471 est
425 1413 569 1472 medialis.
616 1400 674 1471 Sed
696 1414 736 1472 cle
758 1415 804 1470 est
825 1411 990 1480 rationalis,
1017 1429 1086 1488 ergo

74 1503 95 1561 d
101 1520 115 1560 θ
138 1503 308 1580 seiungitur
326 1519 367 1561 er.
409 1502 450 1560 Et
468 1520 534 1560 oum
552 1501 827 1578 permutaverimue‚
845 1501 879 1558 fit
898 1501 937 1558 de
955 1499 1087 1558 seiuncta

76 1591 127 1649 clla.
184 1589 243 1649 sed
273 1592 313 1650 de
345 1593 389 1649 est
420 1590 589 1666 rationalis,
622 1609 692 1667 ergo
723 1591 767 1649 da
799 1592 844 1648 est
876 1588 973 1647 surda.
1029 1587 1087 1646 Sed
1100 1601 1127 1643 15

74 1682 182 1754 potens
205 1698 297 1756 supra
318 1679 415 1756 ipsam
439 1683 484 1739 ast
506 1697 560 1754 aq:
585 1697 654 1758 ergo
673 1697 715 1753 aq
734 1682 779 1737 est
796 1677 894 1752 surda,
917 1679 947 1735 et
964 1679 1088 1736 vocatur

75 1767 227 1826 residuum
254 1768 436 1843 absolutum3
465 1773 495 1828 et
521 1768 597 1828 illud
624 1771 681 1845 est,
709 1768 789 1845 quod
812 1767 1013 1826 demonstrare
1035 1784 1087 1825 vo·

78 1857 196 1915 luimus,
243 1855 290 1916 Sit
317 1857 408 1916 etiam
436 1859 498 1917 eius
526 1858 671 1934 probatio.
717 1856 794 1927 Quia
821 1856 899 1915 enim
927 1857 968 1915 ab
996 1857 1026 1913 et
1049 1856 1088 1928 by

76 1946 108 2004 in
145 1947 281 2021 potentia
316 1949 435 2005 tantum
471 1951 543 2006 sunt
573 1947 735 2007 rationales
768 1949 797 2004 et
830 1945 1088 2019 communicantes,

77 2053 147 2112 ergo
176 2034 343 2110 superficies
371 2037 413 2094 ab
440 2036 472 2093 in
499 2039 539 2110 by
567 2040 612 2095 est
638 2036 788 2112 medialis,
816 2038 846 2094 et
873 2035 997 2110 duplum
1025 2033 1088 2091 eius
1103 2047 1130 2087 ao

77 2128 122 2182 est
144 2124 280 2199 martiale,
304 2123 444 2200 quoniam
468 2125 495 2182 ei
519 2125 727 2200 communicat3
752 2128 782 2183 et
804 2125 862 2183 duo
882 2124 1029 2200 quadrata
1048 2123 1088 2180 ab

78 2216 109 2271 et
136 2214 176 2286 bo
201 2213 358 2272 coniuncta
381 2216 450 2271 sunt
472 2213 618 2272 rationale
642 2216 672 2271 et
693 2212 975 2272 incommunieantia
999 2211 1088 2285 duplo

77 2303 119 2361 ab
146 2302 179 2359 in
207 2304 259 2376 b93
287 2305 318 2361 et
345 2320 411 2360 eum
438 2302 717 2378 permutaverimus,
744 2302 802 2360 duo
826 2300 972 2376 quadrata
995 2300 1036 2357 ab
1060 2301 1090 2356 et

79 2393 119 2465 by
143 2390 301 2451 coniuncta
324 2393 393 2450 sunt
415 2390 574 2450 rationale:
598 2409 668 2467 ergo
692 2390 872 2466 quadratum
892 2389 937 2462 qd
960 2390 1005 2446 est
1027 2406 1089 2446 sur·

80 2480 152 2538 dum
175 2483 205 2538 et
227 2484 352 2540 vocatur
373 2480 536 2554 residunm3
561 2482 591 2537 et
612 2479 689 2536 illud
712 2480 765 2553 est,
788 2477 867 2552 quod
889 2476 1090 2534 demonstrare
1104 2489 1130 2530 25

77 2569 234 2627 voluimus,

168 2657 204 2714 In
227 2657 449 2734 sexagesima
471 2648 594 2738 nona¹)
619 2655 694 2714 nihil
715 2657 859 2729 mutatur,
881 2653 938 2713 nisi
961 2654 1041 2730 quod
1058 2654 1089 2711 in

79 2745 226 2823 principio
254 2745 374 2822 dieitur,
402 2747 482 2822 quod
508 2746 606 2821 ipsrnn
634 2746 679 2803 est
706 2744 801 2822 figura
831 2745 894 2819 66⁸,
922 2746 952 2802 et
978 2743 1009 2801 in
1032 2742 1090 2801 fine

319 2920 336 2969 4
355 2923 379 2971 et
396 2917 481 2971 radia
499 2918 536 2970 32
554 2920 665 2984 occepta
682 2914 741 2968 eius
758 2915 851 2968 radice

276 3041 292 3148 ΙΙ)
309 3043 438 3096 rodia32
448 3043 602 3148 abanan?
808 3059 895 3148 *a

275 3154 898 3195 h——d——F-u

285 3207 393 3270 accepta
406 3203 466 3256 rael.
476 3203 581 3257 residui
604 3203 744 3285 residuum
754 3202 896 3256 &maiole

152 3350 193 3399 13.
213 3345 261 3400 eis.
687 3290 810 3342 Immum

153 3488 178 3555 1)
203 3486 340 3542 Enonmns
358 3487 398 3555 X,
413 3491 446 3541 69
467 3485 619 3557 (Claranus
638 3487 726 3556 idem3
744 3487 913 3541 Hnnrnnorns
927 3484 961 3554 X,
977 3487 1032 3555 74):
1060 3485 1091 3539 St

80 3557 165 3623 faerit
184 3557 308 3614 linenda
326 3560 400 3614 liaeo
416 3560 531 3627 abactae,
549 3560 705 3631 fuerintque
723 3561 802 3615 orote
817 3559 952 3613 aeonia
969 3556 1108 3621 moranno.-
