2408 3848
330 115 331 118 '
398 137 770 194 musculorumue
1047 142 1089 206 73

75 307 271 382 antecedunt,
303 302 416 386 <sunt>
444 327 498 383 pro
525 309 698 367 necessariis
727 309 886 368 secundum
913 311 1090 385 petitionem

73 398 167 457 huius
198 397 293 472 partis
323 396 393 454 libri
415 397 580 474 Eucnmrs,
613 400 643 456 et
670 399 831 457 secundum
857 399 981 475 figuras,
1014 419 1089 476 quas

75 487 229 546 ordinavit
251 486 385 560 Aenum,
413 505 487 562 quas
515 487 579 562 ipse
608 487 723 545 addidit
745 487 848 564 figuris
871 489 1035 565 Eucmnm,
1060 491 1090 547 et

74 595 137 635 non
160 575 259 634 estin
281 575 338 633 hiis
362 575 497 634 omnibus
521 576 635 652 aliquid
658 577 781 654 dignum
804 578 1038 651 reprehensione.

145 663 231 723 Dixit
255 663 497 724 Snusnnrcrnus:
525 665 588 724 Hec
615 669 684 724 sunt
706 665 797 724 verba
819 666 954 742 Acerra,
978 669 1008 725 01
1029 669 1089 726 for·
1117 682 1128 721 5

74 757 157 813 tasse
180 754 340 812 Eucnrnns
362 774 422 814 non
445 754 546 829 posuit
568 755 644 813 hanc
666 755 862 813 intentionem
883 755 916 813 in
938 756 1089 830 petitioni-

73 845 142 919 bus,
165 842 224 901 nisi
246 845 281 900 ut
303 842 353 901 via
371 842 488 902 facilior
506 843 562 901 hac
579 843 629 902 via
649 843 687 901 ad
704 844 761 902 hoc
778 847 943 920 pararetur,
967 847 997 902 et
1014 845 1090 902 illud

75 935 133 1007 est,
157 931 241 1007 quia,
262 931 291 1002 ,si
314 931 453 989 diffinitio
473 931 620 990 linearum
639 933 883 1007 equidistantium
901 937 946 992 est
964 934 1090 992 scilicet:

74 1021 170 1079 Linee
194 1020 408 1096 equidistantes
433 1023 510 1096 sunt,
534 1039 659 1096 quarum
682 1022 822 1097 spatium,
845 1023 926 1097 quod
949 1027 994 1082 est
1011 1023 1091 1082 inter

76 1111 137 1184 011,
169 1109 286 1168 etiamsi
315 1109 347 1166 in
374 1109 524 1167 infinitum
550 1110 689 1184 utrinque
716 1111 943 1187 protrahantur,
976 1131 1090 1188 semper
1105 1127 1130 1166 10

75 1199 138 1258 erit
161 1199 276 1277 equale,
300 1217 370 1276 ergo
394 1217 462 1257 cum
485 1204 627 1258 conversa
649 1199 750 1274 fuerit,
775 1200 832 1257 erit
855 1201 918 1259 eius
938 1201 1089 1261 conversio

75 1307 164 1364 vera,
192 1307 249 1362 quc
277 1290 335 1362 est,
363 1307 429 1345 cum
456 1307 516 1346 non
542 1287 634 1346 fuerit
661 1288 805 1363 spatium,
834 1289 913 1363 quod
941 1293 985 1348 est
1011 1291 1091 1348 inter

76 1395 130 1436 eas
153 1376 257 1450 lineas,
280 1396 337 1451 que
361 1379 432 1434 sunt
453 1377 485 1434 in
508 1395 568 1434 una
591 1377 753 1452 superficie,
777 1378 893 1452 equale,
921 1397 981 1436 non
1004 1381 1091 1438 erunt

74 1467 157 1524 linee
177 1465 398 1542 equidistantes,
424 1485 501 1542 ergo,
526 1465 551 1523 si
568 1485 628 1524 non
645 1466 758 1523 fuerint
776 1465 999 1543 equidistantes,
1023 1487 1090 1528 con·

76 1557 214 1628 currant,
238 1555 317 1629 quod
339 1554 499 1614 Eucnrnns
522 1554 623 1630 posuit
645 1555 677 1612 in
698 1555 794 1632 figura
813 1557 883 1628 29²,
907 1574 941 1613 ac
965 1556 990 1614 si
1013 1558 1091 1647 emet
1105 1572 1131 1613 15

75 1643 245 1703 necessario
272 1643 486 1719 recipiendum,
515 1647 544 1702 01
566 1644 656 1719 11100,
683 1663 741 1719 que
765 1644 981 1719 protrahuntur
1003 1663 1091 1720 super

76 1734 155 1791 duos
185 1733 309 1809 angulos
337 1733 464 1791 maiores
488 1732 600 1792 duobus
623 1733 725 1808 rectis,
752 1751 811 1791 non
835 1751 949 1808 semper
972 1737 1092 1792 servant

75 1841 173 1880 unum
201 1821 342 1897 spatium,
371 1841 441 1898 ergo
470 1825 657 1880 concurrunt.
707 1822 900 1881 Manifestum
927 1826 985 1897 est,
1013 1823 1092 1898 quod

76 1928 241 1970 concursus
278 1911 335 1968 erit
371 1929 389 1968 a
425 1913 524 1986 parte,
560 1911 592 1967 in
624 1929 684 1986 qua
717 1913 762 1969 est
794 1930 896 1969 earum
927 1911 1090 1986 inclinatio,

77 2000 222 2077 quoniam
237 1999 274 2057 ab
289 2000 384 2058 altera
397 2002 483 2074 parte
498 1999 671 2073 dilatantur,
685 2002 715 2057 et
729 2003 940 2077 augmentatur
953 2001 1091 2076 spatium3
1105 2017 1132 2057 10

79 2089 162 2166 quod
190 2090 235 2146 est
261 2088 340 2147 inter
368 2107 425 2148 eas.
473 2087 531 2146 Sed
559 2087 630 2163 quia
657 2088 768 2148 locutio
796 2089 863 2164 hec,
891 2090 1004 2148 scilicet
1026 2109 1093 2148 cum

78 2179 140 2236 due
167 2177 244 2235 linee
271 2196 331 2236 non
358 2177 469 2235 fuerint
492 2177 720 2253 equidistantes,
749 2180 936 2253 concurrent,
962 2179 1093 2256 indignit

79 2266 288 2342 explicatione,
311 2269 341 2324 et
364 2267 464 2340 etiam,
488 2266 558 2341 quia
582 2266 725 2325 sectiones
748 2267 928 2342 piramidum
945 2287 1005 2326 non
1024 2271 1093 2327 sunt

80 2354 298 2432 equidistantes
329 2375 426 2431 neque
454 2357 632 2414 concurrunt
658 2355 749 2430 linee,
780 2348 932 2436 nolus)
961 2355 1094 2416 aborruit

79 2447 159 2504 hanc
181 2444 357 2520 petitionem
380 2447 410 2502 et
432 2444 532 2520 posuit
554 2443 665 2520 figuras
688 2445 755 2518 has,
780 2448 810 2502 et
828 2444 926 2520 etiarn,
951 2446 1021 2520 quia
1039 2446 1133 2503 110011

79 2533 210 2593 intentio
239 2535 284 2590 est
311 2551 452 2592 conversa
479 2532 585 2611 figure,
614 2552 670 2608 que
699 2535 756 2592 est:
784 2531 876 2608 „Cum
903 2552 992 2610 super
1019 2535 1093 2593 duas

80 2623 177 2682 lineas
208 2624 304 2680 rectas
337 2622 476 2682 ceciderit
506 2641 566 2680 una
596 2624 677 2680 recta
708 2621 798 2695 linea,
830 2625 860 2680 et
891 2623 1005 2682 fuerint
1036 2624 1093 2682 duo

81 2711 187 2789 anguli
211 2711 377 2786 intrinseci,
405 2711 458 2787 qui
481 2713 550 2769 sunt
574 2711 611 2768 ab
634 2730 695 2769 una
718 2713 813 2787 parte,
836 2713 955 2787 equales
979 2713 1094 2771 duobus

81 2800 186 2874 100111,
212 2800 289 2858 11100
318 2804 404 2860 erunt
427 2799 667 2875 equidistantes“,
697 2819 752 2875 que
775 2801 834 2858 fuit
855 2801 996 2876 probata,
1024 2821 1093 2878 ergo

80 2891 138 2949 hec
156 2889 293 2948 similiter
309 2890 441 2968 indiguit
459 2890 642 2965 probatione.
678 2889 744 2947 Iam
758 2909 828 2966 ergo
844 2889 971 2950 diximus
985 2890 1094 2964 omnia,
1107 2906 1135 2944 10

82 2998 141 3056 que
164 2981 290 3054 possunt
313 2979 371 3038 diei
394 2980 429 3037 de
452 2979 538 3038 lineis
563 2979 819 3055 equidistantibus.

175 3067 289 3125 Huius
321 3069 455 3146 figure,
493 3088 559 3144 que
597 3068 741 3126 additur
776 3069 997 3127 theoremati
1028 3070 1092 3127 tri-

157 3260 182 3310 5.
200 3255 317 3325 Agunia.
336 3287 370 3294 —
391 3261 432 3308 29.
451 3255 583 3327 probata]
602 3256 746 3324 protende.

83 3377 296 3385 ...a—m.-

159 3455 185 3520 1)
195 3452 286 3520 Linus,
296 3450 327 3505 id
337 3452 380 3504 011
393 3453 553 3520 asymptota
563 3450 741 3520 hyperbolae.
761 3452 793 3504 In
803 3454 883 3506 textu
894 3449 1006 3505 arabico
1018 3452 1095 3519 apud

85 3521 440 3578 anrnonn·Hn1nnrehoc
458 3521 627 3576 vocabulum
646 3523 762 3577 deficere
781 3522 900 3578 videtur.
