2408 3848
116 157 156 220 38
402 155 567 210 ANARITII
586 153 842 211 COMMENTARII

114 328 344 403 augmentum
367 324 509 398 equalis
533 323 807 401 superfluitate,
836 341 902 397 que
930 323 1008 380 erat
1031 322 1130 381 inter

114 433 153 472 ea
172 417 256 472 ante
276 416 512 490 augmentum.
546 413 683 489 Exempli
701 430 791 470 causa
811 411 952 487 quoniam
969 430 1023 470 nos
1043 411 1128 470 addi-

114 503 210 560 dimus
234 521 322 578 super
345 502 475 560 diversas
500 503 683 578 quantitates
708 520 758 577 ca,
779 519 819 574 pa
842 501 916 559 duas
941 500 1129 576 quantitates

114 592 235 667 equales
258 593 312 666 ab,
334 593 392 666 qd,
416 610 486 668 ergo
505 592 562 650 erit
581 590 767 667 superfluitas
788 591 823 648 eb
842 608 931 664 super
948 591 990 649 ad
1012 590 1129 666 equalis

87 680 314 755 bsuperiluitati
344 698 383 739 cc
413 699 500 754 super
527 699 579 754 pr,
610 683 640 738 et
669 680 724 739 hcc
754 682 799 738 est
828 679 916 753 illud,
948 679 1027 754 quod
1057 682 1129 738 ante

114 769 304 829 ostendimus.

202 858 327 916 Addidit
345 858 436 915 etiarn
456 858 524 932 alia,
548 857 662 916 scilieet
681 857 774 931 quod
793 856 1009 932 superficies
1029 860 1129 916 secat

113 947 345 1023 superficiem
368 965 476 1021 super
498 946 638 1004 lineam.
676 946 734 1019 Et,
758 945 787 1004 si
806 945 1034 1021 superficies,
1058 964 1129 1021 que

113 1055 147 1094 se
171 1040 296 1094 secant
318 1035 456 1092 fuerint
478 1035 598 1110 plane,
622 1034 796 1093 secabunt
814 1029 892 1112 <εθ>
911 1034 1128 1110 superficies

74 1137 99 1175 10
113 1143 220 1200 super
238 1127 373 1182 rectam
391 1123 531 1181 lineam.
568 1124 613 1181 Et
630 1123 727 1182 linea
747 1125 846 1182 secat
863 1123 996 1181 lineam
1019 1142 1129 1199 super

112 1216 282 1288 punctum
311 1208 402 1288 (Huic
432 1213 511 1270 enirn
538 1213 705 1290 indigemus
732 1212 764 1270 in
790 1211 888 1287 prima
915 1207 1034 1289 figura).
1081 1213 1129 1272 nt

112 1301 287 1376 possibile
302 1304 367 1376 est,
384 1302 614 1376 superficiem
627 1302 771 1376 planam
785 1303 820 1359 et
833 1301 965 1358 lineam
978 1303 1128 1377 rectam,

113 1408 151 1448 eo
174 1389 266 1465 quod
289 1390 362 1448 sint
385 1391 505 1465 plane,
528 1391 565 1448 in
586 1391 775 1448 infinitum
797 1382 1003 1465 protrahi.1l

202 1477 327 1554 Oportet
358 1498 411 1537 nos
443 1483 580 1554 preterea
617 1483 685 1537 ante
722 1479 917 1554 particularia
953 1479 1128 1554 premittere

73 1574 98 1615 15
112 1559 211 1649 ista.2)
261 1568 335 1626 Dico
364 1568 469 1643 igitur,
503 1568 583 1642 quod
609 1567 736 1627 intentio
764 1568 924 1644 geometrie
957 1571 1014 1644 est,
1047 1567 1128 1627 sicut

111 1657 252 1732 precessit
280 1677 314 1715 ex
341 1657 400 1731 his,
430 1676 486 1731 que
510 1656 649 1731 diximus,
678 1656 791 1715 scilicet
818 1656 980 1715 declaratio
1004 1657 1127 1732 quanti·

110 1748 209 1804 tatum
237 1749 267 1803 et
288 1745 464 1822 figurarum,
493 1748 523 1803 et
551 1745 624 1803 situs
654 1749 684 1804 et
711 1746 937 1821 proportionum
959 1738 1057 1826 ulnius
1087 1747 1128 1804 ad
1147 1755 1180 1802 14

111 1834 201 1892 aliud.
248 1835 288 1892 Et
310 1833 436 1891 intentio
459 1833 490 1890 in
518 1853 695 1910 unoquoque
722 1834 848 1893 istorum
875 1837 930 1892 aut
957 1837 1001 1894 est
1023 1836 1126 1894 theo·

110 1915 219 2001 riea3)
243 1925 296 1979 aut
318 1914 521 1999 practica4)
569 1922 655 1991 Quod
678 1924 703 1981 si
727 1924 790 1982 eius
818 1923 944 1982 intentio
972 1924 1065 1982 fuerit
1094 1925 1127 1982 in

72 2019 97 2058 2⁰
112 2029 146 2069 eo
170 2011 208 2068 ad
231 2011 358 2068 dandam
381 2010 545 2086 scientiam,
568 2013 740 2071 nominatur
763 2012 907 2086 theorica;
936 2013 966 2069 et
989 2013 1015 2071 si
1032 2014 1128 2072 fuerit

110 2099 172 2157 eius
195 2099 322 2157 intentio
345 2099 377 2156 in
401 2119 434 2159 eo
459 2101 497 2157 ad
520 2101 779 2160 demonstrandam
802 2102 1013 2177 operationem,
1036 2120 1125 2161 voca·

109 2190 161 2246 tur
182 2189 322 2263 practica.
374 2189 517 2247 Thecrica
544 2209 614 2266 ergo
643 2193 700 2263 est,
729 2189 811 2248 cuius
839 2190 906 2248 finis
935 2193 979 2249 est
1007 2191 1130 2266 aliquid

110 2278 277 2350 ostendere,
310 2277 387 2336 sicut
414 2277 543 2355 figuram
561 2281 620 2336 4am
647 2278 737 2354 primi
764 2281 923 2354 tractatuS,
957 2281 987 2337 et
1010 2299 1066 2354 que
1098 2281 1126 2338 ei

110 2369 180 2424 sunt
212 2366 330 2425 similes.
385 2367 425 2425 Et
454 2367 511 2425 iste
538 2367 630 2444 figure
659 2371 730 2426 sunt
756 2369 821 2443 ille,
851 2369 882 2426 in
910 2387 1036 2444 quarum
1064 2368 1126 2428 fine

71 2456 291 2515 roconsuetudo
320 2459 365 2514 est
394 2455 502 2514 dicere:
533 2458 600 2530 „Et
629 2457 692 2515 hoe
721 2460 774 2515 est
801 2457 909 2532 illud,
943 2458 1035 2532 quod
1065 2457 1126 2516 de-

109 2548 309 2603 monstrare
336 2543 547 2604 voluimus“
596 2545 733 2604 Praetica
760 2565 830 2604 vero
859 2550 916 2621 est,
945 2547 1028 2604 cuius
1056 2546 1126 2607 finis

110 2636 163 2708 est,
182 2635 343 2692 secundum
361 2635 442 2709 quod
460 2634 595 2693 volumus
615 2634 730 2710 aliquid
748 2636 873 2710 operari.
906 2636 946 2694 Et
964 2635 1015 2693 ille
1029 2635 1126 2712 figure

110 2726 187 2798 sunt,
210 2723 241 2780 in
264 2742 390 2798 quorum
413 2723 470 2781 fine
494 2723 675 2783 consuetudo
695 2719 782 2802 <est>
801 2724 909 2782 dicere:
933 2725 1001 2799 „Et
1023 2725 1126 2783 istud

110 2813 175 2886 est,
206 2811 300 2886 quod
327 2812 446 2869 facere
473 2811 684 2870 voluimus“
736 2812 822 2881 Quod
853 2813 878 2871 si
906 2813 973 2888 quis
1001 2813 1125 2872 dixerit:

70 2911 96 2950 ³⁰
111 2920 201 2975 quare
230 2919 299 2976 ergo
323 2899 436 2975 dicitis,
465 2901 624 2975 geometrie
652 2902 847 2960 intentionem
880 2920 941 2960 esse
975 2903 1013 2959 ad
1045 2902 1125 2960 indi-

110 2989 237 3047 candum
260 2989 415 3046 scientiam
438 2989 540 3064 solum,
564 3008 632 3047 cum
653 2991 807 3049 videamus
825 2991 923 3066 ipsam
946 2990 1035 3048 simul
1054 3010 1126 3050 eum

110 3077 232 3135 scientia
254 3077 385 3135 indicare
405 3076 626 3153 operationem?
650 3079 788 3155 dicamne,
812 3079 893 3154 quod
910 3080 1030 3137 illarum
1054 3099 1125 3156 ope-

183 3235 207 3282 9.
228 3229 364 3282 secabunt
383 3227 563 3297 superficiem.
584 3261 618 3268 —
639 3235 680 3284 12.
699 3229 793 3299 plana.
815 3263 848 3270 -
866 3233 951 3285 recta.

112 3330 324 3337 ——..-—.-.

183 3391 207 3455 1)
234 3387 304 3440 Item
332 3387 444 3442 Parrus.
493 3387 546 3444 cfr.
570 3389 699 3443 Pnocnuu
719 3396 782 3458 198,
803 3395 890 3444 6-10
919 3394 947 3444 et
966 3391 1125 3446 anrnonu-

110 3456 235 3512 Hennae
257 3477 283 3527 p.
297 3464 339 3513 31.
368 3491 402 3498 -
431 3462 457 3528 2)
485 3458 527 3513 De
546 3459 599 3528 eis,
622 3477 695 3528 quae
719 3464 880 3531 sequuntur,
904 3461 968 3515 vide
992 3461 1126 3518 Paeonum

112 3534 172 3597 200,
189 3535 328 3598 12-213‚
345 3535 385 3584 11.
405 3562 439 3571 -
459 3531 486 3600 3)
507 3533 651 3601 Θεὼρημα.
671 3565 704 3572 -
724 3536 751 3603 4)
770 3532 924 3604 πρόβλημα,
