2408 3848
387 135 437 188 AD
456 133 640 188 EUOLIDEM
658 135 725 189 LIB.
741 136 774 190 V.
1028 135 1091 198 173

72 303 180 382 figure,
222 303 335 362 scilicet
372 302 513 362 vicesima
549 297 710 384 secundal)
752 306 782 364 et
814 304 954 363 vicesima
987 304 1090 378 tercia,

74 396 143 452 sunt
162 411 332 452 communes
352 392 488 451 omnibus
508 393 736 468 quantitatibus,
760 414 818 469 que
838 395 908 452 sunt
926 393 1091 451 secundum

72 481 297 558 proportionem
338 481 466 539 aliarum
507 483 726 557 quantitatum,
772 483 979 559 quodcumque
1021 482 1091 540 sint.

72 571 233 631 lluonrnus
252 574 354 629 tamen
371 590 432 629 non
450 571 613 630 declaravit
632 590 681 629 eas
695 572 753 629 nisi
768 572 931 630 secundum
944 572 1090 629 minorem

75 679 231 718 numerum
244 659 459 735 quantitatum,
476 660 509 717 in
523 660 630 735 quibus
645 665 691 718 est
703 661 801 721 minor
814 660 1090 737 proportionalitas,
1118 673 1131 712 ⁵

75 749 114 808 Et
133 748 205 825 quia
222 748 496 825 proportionalitas,
520 769 576 824 que
596 753 641 808 est
659 743 807 829 <minor>,
825 751 857 807 in
875 750 971 808 tribus
991 749 1092 808 existit

75 837 303 914 quantitatibus,
323 857 392 915 ergo
410 837 474 913 ipse
493 838 623 897 ostendit
642 857 691 896 eas
705 839 737 895 in
750 839 848 897 tribus
862 838 1090 914 quantitatibus

76 927 131 986 Est
151 925 230 984 enim
249 926 434 1001 convenicae,
458 929 494 985 ut
511 927 648 1002 probatio
667 927 721 985 fiat
738 927 770 984 in
789 927 952 987 minoribus
971 927 1090 1003 quanti·
1122 936 1124 941 ⁴

75 1015 203 1090 tatibuS,
230 1015 262 1072 in
290 1014 397 1090 quibus
424 1015 490 1091 ipsa
517 1019 617 1091 potest
644 1016 855 1090 demonstrari,
883 1019 913 1074 et
941 1017 1005 1094 ipse
1032 1017 1092 1073 sint

77 1104 238 1163 secundum
260 1104 406 1162 minorem
428 1123 597 1179 numerum,
625 1105 657 1162 in
680 1124 737 1179 quo
761 1108 860 1180 potest
883 1105 1000 1164 ostendi
1021 1120 1131 1180 pro-10

76 1193 172 1266 bati03
201 1212 330 1268 namque
359 1193 522 1252 communis
545 1193 604 1253 toti
626 1213 741 1270 genere.
787 1193 885 1251 Prime
909 1197 1010 1251 autem
1034 1195 1092 1251 due

77 1282 184 1360 figure,
229 1281 342 1340 scilicet
381 1273 551 1360 vicesima2)
596 1285 626 1339 et
666 1282 806 1340 vicesima
846 1275 990 1358 prima3),
1032 1302 1093 1342 ιιοιι

77 1373 203 1447 possunt
234 1370 431 1430 demonstrari
462 1371 520 1430 nisi
551 1371 583 1428 in
615 1370 711 1429 tribus
744 1371 973 1446 quantitatibus.
1028 1369 1091 1439 Que

78 1461 170 1519 etiam
193 1459 218 1518 si
241 1462 370 1535 possent,
393 1480 452 1519 non
475 1479 584 1538 magna
607 1459 778 1535 proveniret
798 1459 924 1534 utilitas,
947 1460 1091 1534 quoniam

77 1550 240 1624 precedunt
265 1549 320 1605 has
348 1549 422 1606 duas
450 1548 575 1627 figurae,
604 1549 716 1608 scilicet
738 1548 909 1608 vicesimam
932 1549 1092 1606 secundam
1106 1560 1132 1600 ιε

76 1642 106 1696 et
132 1637 305 1697 vicesimam
331 1638 463 1695 terciam.
508 1638 570 1696 Hec
594 1641 696 1696 autem
720 1639 777 1696 due
800 1637 895 1716 figure
918 1640 989 1695 sunt
1011 1655 1088 1695 oom-

77 1745 182 1786 munes
220 1725 356 1785 omnibus
392 1727 626 1803 quantitatibus,
663 1747 721 1803 que
754 1730 825 1786 sunt
855 1727 957 1801 plures
988 1725 1091 1783 tribus.

76 1815 191 1876 Ponam
212 1815 316 1890 itaque
339 1818 471 1890 quatuor
494 1817 693 1892 quantitates,
717 1820 747 1874 et
770 1816 937 1889 ostendam,
962 1814 1094 1890 qualiter

76 1904 280 1964 extremitates
307 1903 438 1962 vicissim
465 1905 525 1964 sint
552 1907 642 1965 unius
669 1905 880 1981 proportionis,
927 1903 994 1962 Sint
1022 1924 1092 1981 ergo

77 1997 210 2071 quatuor
237 1993 434 2068 quantitates,
463 2013 551 2069 super
574 2015 649 2070 quas
673 1995 733 2054 sint
756 2014 788 2070 ο,
812 1997 842 2070 b,
863 2014 895 2069 p,
919 1996 951 2069 d,
979 1996 1010 2052 et
1032 1994 1133 2052 sintae

77 2083 135 2142 alic
159 2082 322 2142 secundum
346 2102 448 2140 earum
470 2085 716 2159 numerationem,
740 2103 829 2160 super
852 2103 928 2160 quas
947 2083 1008 2142 sint
1027 2101 1049 2158 e,
1067 2101 1092 2157 r,

78 2304 225 2360 Armatus
239 2304 343 2375 legisse
356 2304 474 2373 videtur,
493 2306 653 2374 concordat,
673 2307 702 2359 et
715 2305 762 2360 hic
781 2306 854 2359 etin
868 2305 959 2359 tribus
975 2321 1092 2373 sequen-

77 2377 154 2431 tibus
175 2375 251 2430 notis
279 2378 387 2430 textum
412 2393 544 2446 graecum
572 2375 703 2431 editionis
726 2376 934 2446 Heibergianae
963 2375 1092 2430 afferam:

74 2440 181 2502 Ἐὰν
163 2469 181 2520 η
200 2445 264 2516 τρία
278 2445 383 2535 μεγέθη
403 2447 451 2502 καὶ
466 2448 535 2501 ἄλλα
549 2450 645 2509 αὐτοῖς
664 2445 710 2501 ἴσα
729 2448 760 2501 τὸ
775 2451 886 2517 πλῆθος
905 2448 1009 2502 σύνδυο
1024 2450 1093 2516 λαμ-

77 2503 221 2609 βανόμενα
240 2517 271 2573 ἐν
289 2523 326 2590 τῷ
345 2511 462 2592 λόγῳ,
440 2541 462 2608 ῃ
482 2516 512 2572 δὲ
527 2516 716 2589 τεταραγμένη
731 2519 852 2573 αὐτῶν
840 2540 856 2588 η
873 2516 1020 2588 ἀναλογία,
1044 2520 1093 2572 καὶ

77 2587 116 2645 δι’
134 2589 197 2645 ἴσον
216 2589 247 2644 ἐν
265 2594 303 2661 τῷ
322 2574 405 2658 αὐτῷ
416 2589 487 2663 λόγῳ
508 2589 591 2645 ἔσται

151 2665 177 2730 1)
203 2644 339 2714 Euomnas
362 2645 396 2728 V,
420 2667 466 2715 22:
500 2659 570 2715 Ἐὰν
597 2651 615 2732 ᾖ
644 2659 787 2714 ὁποσαοῦν
814 2658 921 2730 μεγέθη
950 2659 999 2714 καὶ
1023 2660 1093 2713 ἄλλα

76 2733 173 2794 αὐτοῖς
188 2730 234 2785 ἴσα
248 2731 278 2785 τὸ
293 2735 411 2801 πλῆθος,
430 2732 533 2786 σύνδυο
548 2716 746 2800 λαμβανόμενα
760 2732 808 2785 καὶ
823 2731 854 2786 ἐν
869 2736 905 2802 τῷ
920 2733 994 2803 αὐτῷ
1011 2730 1092 2813 λόγῳ,

77 2804 126 2858 καὶ
149 2801 187 2857 δι’
210 2801 271 2857 λ’σου
296 2801 326 2856 έν
347 2808 385 2875 τῷ
405 2804 480 2876 αὐτην
498 2803 569 2876 λόγῳ
590 2802 671 2857 ἔσται.
709 2803 741 2855 In
765 2786 1038 2856 demonstratiode
1029 2821 1094 2872 1psa

77 2877 173 2929 autem
191 2873 328 2927 Eucnrnas
347 2890 459 2942 quoque
463 2857 544 2928 solis
553 2859 654 2928 tribua
673 2873 883 2941 quantitatibus
902 2874 999 2928 utitur.

151 2950 177 3014 2)
151 2945 387 3013 2EuonmasV,
406 2951 452 3000 20.
485 2937 596 2999 Ἐὰν
578 2967 596 3015 η
619 2942 683 3013 τρία
707 2943 812 3014 μεγέθη
837 2945 885 2999 καλ
908 2945 977 2998 ἄλλα
997 2946 1094 3006 αὐτοῖς

79 3016 125 3072 ἴσα
144 3017 176 3071 τὸ
195 3020 316 3086 πλῆθος,
337 3017 440 3071 συνδυο
460 3001 658 3106 λαμβανόμενα
676 3017 725 3070 aul
744 3016 774 3070 ἐν
794 3022 831 3088 τῷ
851 3017 926 3088 αὐτῷ
946 3016 1032 3089 λόγῳ,
1051 3013 1090 3070 δι’

79 3087 141 3143 ἴσου
161 3085 192 3142 dt
210 3087 241 3141 τὸ
260 3096 371 3155 πρῶτον
393 3097 442 3142 τοῦ
466 3087 559 3154 τρίτου
583 3080 717 3178 μεῖζον
699 3109 731 3160 η,
759 3071 820 3142 καλ
833 3087 864 3142 τὸ
888 3071 1020 3155 τέταρτον
1043 3096 1093 3142 τοῦ

79 3158 161 3215 ἕκτον
180 3161 274 3228 μεῖζον
295 3158 377 3222 ἔσται,
396 3156 450 3213 κᾶν
470 3157 540 3225 λ’,σον
560 3156 629 3246 troo,
647 3155 702 3212 κᾶν
723 3157 844 3227 ἔλαττον,
864 3157 985 3214 ἔλαττον.

150 3235 178 3297 3)
150 3230 338 3284 3Ευσιιιιιιε
357 3201 390 3298 V,
410 3236 456 3285 21:
484 3201 595 3284 Ἐὰν
577 3251 594 3300 η
617 3232 680 3296 τρία
703 3227 809 3299 μεγέθη
833 3201 882 3284 λαὶ
905 3229 974 3284 ἄλλα
998 3231 1104 3290 αὐτοῖς,

79 3300 126 3356 ἴσα
144 3301 176 3357 τὸ
195 3306 313 3390 πλῆθος,
333 3302 436 3356 ovvdvc
451 3273 653 3392 λαμβανέμεγα
672 3301 721 3355 καλ
740 3300 770 3355 ἐν
788 3306 826 3374 τῷ
841 3302 916 3373 αὐτῷ
930 3300 1010 3372 λόγῳ,
1036 3293 1094 3354 δε

77 3370 268 3462 τεταραγμένη
284 3370 568 3442 αὐτῶνηάναλογλα,
587 3369 625 3426 δι’
643 3356 815 3426 ruovora
811 3382 922 3440 πρῶτον
936 3381 985 3426 τοῦ
972 3323 1094 3439 τρέων

78 3437 229 3514 μεῖζον,
190 3465 229 3535 γ,
257 3444 306 3497 καὶ
328 3445 358 3498 τὸ
377 3443 508 3512 τέταρτον
530 3451 579 3498 τοῦ
604 3441 685 3498 ἕκτου
708 3445 801 3511 μεῖζον
828 3443 916 3512 ἔσται,
944 3441 999 3496 κᾶν
1024 3442 1094 3511 ἴσον,

77 3514 152 3585 ἴσον,
170 3535 225 3570 ναν
245 3514 367 3583 ἔλαττον,
388 3515 508 3571 ἔλαττον
