2408 3848
119 683 121 687 ’
145 687 325 760 INCIPIT
354 686 476 759 PARS
505 684 727 758 SECUNDA
755 683 1089 760 EXPOSITIONIS

331 809 592 884 SECUNDUM
619 809 907 882 annulatum

200 993 285 1050 Dixit
323 991 496 1050 Eucnrnns:
539 989 641 1048 Ommis
681 992 849 1063 superficies
890 991 1133 1064 eqmdistuut'mn

111 1083 236 1141 laterum
260 1086 286 1140 et
306 1084 449 1139 rectorum
471 1080 646 1153 mquiorum
669 1097 688 1138 u
711 1081 827 1139 duabus
850 1080 934 1139 limeis
957 1083 1131 1160 continetur,

84 1184 165 1245 nque
187 1189 280 1230 uuum
303 1170 478 1243 auqulorum
501 1171 562 1227 eius
584 1172 693 1226 rectum
716 1171 867 1227 contiueat.

201 1258 299 1334 Supra
310 1259 366 1316 hoc
376 1257 527 1333 expositor
536 1257 611 1315 dixit
620 1258 754 1316 Yamas:
768 1256 839 1317 Ideo
852 1253 953 1333 [dixit]
966 1258 1131 1320 Eucnmns

112 1348 277 1424 superficiei
300 1347 549 1423 cquidistantium
571 1347 702 1405 laterum
726 1347 756 1403 et
777 1349 928 1405 rectorum
946 1349 1132 1424 angulorum

110 1438 188 1496 hanc
215 1436 355 1496 attribuit
377 1436 604 1511 proprietatem,
633 1434 779 1494 contineri
801 1454 819 1492 a
843 1434 957 1494 duobus
980 1437 1132 1497 lateribus

112 1527 257 1605 angulum
279 1529 396 1584 rectum
419 1524 647 1599 eminentibus,
671 1525 701 1582 et
724 1543 784 1584 non
807 1523 975 1599 superficiei
997 1527 1132 1602 equidis-

71 1617 243 1674 rotantium
269 1615 412 1688 laterum,
444 1612 528 1670 cuius
556 1611 659 1690 anguli
686 1631 746 1671 non
773 1616 844 1672 sunt
871 1613 957 1690 recti,
986 1617 1133 1690 quoniam

111 1704 281 1780 superficies
306 1701 553 1778 equidistantium
575 1702 704 1760 laterum
728 1705 758 1760 et
780 1705 930 1761 rectorum
948 1705 1133 1780 angulorum

112 1797 157 1852 est
175 1793 259 1867 illud,
278 1791 359 1867 quod
377 1792 560 1867 aggregatur
578 1810 613 1848 ex
630 1791 880 1866 multiplicatione
898 1792 987 1852 unius
1003 1793 1133 1853 duorum

111 1883 242 1939 laterum
278 1879 495 1938 continentium
530 1882 643 1938 rectum
675 1881 821 1957 angulum
852 1880 885 1938 in
917 1882 1024 1958 alium,
1064 1903 1135 1942 cum

112 1973 269 2046 ponuntur
292 1967 478 2043 <secundum
500 1965 668 2046 numeros).

72 2071 98 2111 15
201 2058 410 2133 Exemplum
423 2057 535 2132 prime
553 2058 673 2134 figure

112 2147 306 2206 secundum
328 2139 535 2227 numeranl)

203 2235 249 2294 Sit
272 2235 352 2294 linea
375 2237 417 2294 ab
440 2254 593 2310 numerus,
622 2235 674 2310 qui

114 2327 159 2383 est
188 2327 220 2400 6,
253 2327 283 2383 et
312 2325 392 2383 linea
421 2326 460 2398 bq
485 2327 539 2400 10,
573 2327 603 2382 et
635 2325 674 2382 sit
791 2313 806 2361 5
930 2314 963 2363 30

113 2413 193 2472 linea
221 2415 263 2473 boi
287 2415 320 2488 2,
352 2417 382 2472 et
408 2414 489 2471 linea
514 2415 554 2472 de
583 2416 615 2489 3,
644 2416 675 2471 et

72 2517 99 2557 ao
112 2502 192 2562 linea
213 2521 253 2577 qe
276 2502 315 2560 sit
340 2504 367 2561 5.
413 2503 606 2562 Manifestum
630 2505 675 2560 est

113 2592 221 2668 igitur,
256 2591 351 2667 quod,
389 2610 456 2650 cum
492 2591 674 2666 multiplica·
703 2605 736 2654 10
764 2616 777 2653 e

113 2681 242 2739 verimus
264 2683 281 2740 6
301 2680 334 2737 in
355 2683 404 2756 10,
424 2680 489 2754 erit,
508 2680 588 2756 quod
605 2680 674 2738 inde

762 2032 780 2084 9

793 2787 808 2834 3
932 2787 964 2836 18

187 2838 227 2886 17.
248 2831 324 2886 linea
343 2850 369 2886 a.

186 2977 213 3045 1)
235 2975 371 3028 Erremus
394 2974 432 3041 Π,
453 2979 481 3028 1:
514 2973 546 3027 Si
570 2973 676 3039 fuerint
764 2973 783 3025 d

115 3049 167 3102 ciue
185 3048 267 3112 lime,
286 3063 403 3116 quarum
421 3062 480 3098 mua
498 3046 530 3098 iu
548 3045 676 3113 quotlibet
793 3048 809 3095 2
931 3045 964 3094 12

110 3125 205 3187 partes
214 3118 365 3183 dividatur,
376 3117 456 3182 iliud,
469 3117 540 3185 quod
549 3133 582 3169 aa
592 3118 675 3170 ductu
940 3153 955 3201 6

115 3190 229 3244 alterius
246 3190 279 3242 iu
297 3189 411 3242 alteram
428 3189 486 3254 fiet,
510 3204 606 3255 equum
624 3188 676 3241 erit
766 3186 782 3239 b
1119 3214 1139 3251 a

114 3261 171 3327 bis,
194 3277 244 3328 que
268 3260 403 3314 caiuma
423 3260 491 3312 iimcc
508 3259 626 3312 iudicine
643 3259 675 3310 im

114 3347 334 3400 unamquamque
353 3337 461 3399 partem
485 3331 553 3384 iimcc
571 3329 764 3398 particulatim
788 3328 873 3382 diuise
891 3328 1053 3398 rectamqula
1066 3345 1140 3398 pro-

115 3404 256 3458 ducentur.
281 3434 315 3442 -
338 3401 398 3456 Hoc
422 3403 465 3455 est
490 3402 540 3469 αφ
555 3402 588 3470 t·
603 3417 617 3454 c
632 3401 665 3469 -t-
681 3401 714 3468 d)
729 3426 763 3444 =
779 3400 818 3452 ab
833 3402 866 3468 -Ι-
882 3400 966 3469 etc-{—
983 3400 1034 3454 au.
