2408 3848
388 141 438 195 AD
457 140 642 196 EUGLIDEM
659 140 726 194 ΠΒ.
740 140 773 194 X.
1022 138 1086 202 281

168 310 266 368 Duas
289 311 405 368 lineas
428 311 464 367 in
486 309 652 385 potentia
675 310 818 366 tantum
836 308 1037 366 rationales
1057 310 1091 365 et

82 400 398 475 communicantes,
422 417 572 474 quarum
594 393 739 475 longior
762 415 870 473 supra
892 396 1091 455 breviorem

79 488 197 563 possit
220 488 413 546 secundum
436 490 665 564 augmentum
689 486 859 562 quadrati
882 486 976 543 linee
1000 503 1089 543 oom-

81 577 303 635 munieantis
327 576 487 653 longiori
510 577 546 633 in
568 574 811 652 longitudine,
835 567 1037 650 invenirel)

172 665 286 722 Ponam
318 665 419 740 itaque
451 665 562 722 lineam
593 666 633 723 cle
660 664 850 737 rationalem,
882 682 938 738 que
966 662 1005 721 sit
1032 681 1091 736 sex,
1115 673 1128 712 ⁵

82 753 187 811 deinde
212 753 336 831 signabo
360 754 433 812 duos
455 771 592 812 numeros
616 753 790 828 quadratos,
818 751 871 827 qui
892 751 1091 810 inscribentur

80 843 122 900 ob
151 845 181 900 θῖ
208 862 262 916 op,
296 845 326 901 et
353 861 413 901 non
440 843 480 900 sit
507 841 689 916 superfluum
717 860 830 916 eorum,
864 841 943 915 quod
970 843 1015 898 est
1042 841 1091 913 tp,

80 949 220 989 numerus
248 931 425 1006 quadratus,
453 930 572 1006 sintque
595 931 655 989 duo
677 930 768 1004 positi
791 930 907 987 numeri
931 947 1038 987 norem
1061 931 1091 986 et

81 1023 217 1094 quatuor.
267 1019 473 1095 Multiplicabo
506 1022 607 1078 autem
639 1019 818 1094 quadratum
845 1037 907 1093 sex,
939 1018 1018 1093 quod
1045 1020 1091 1076 θεῖ

78 1108 205 1185 triginta
224 1127 283 1183 sex,
305 1108 337 1166 in
356 1109 547 1184 superfluum,
566 1107 647 1184 quod
665 1110 710 1166 est
728 1108 807 1165 inter
825 1107 897 1165 duos
917 1107 1089 1182 quadratOS,
1103 1119 1130 1158 1⁰

79 1197 159 1272 quod
186 1200 231 1255 est
259 1198 404 1272 quinque:
434 1197 491 1256 erit
519 1215 602 1274 erg0,
630 1197 709 1272 quod
736 1195 887 1271 provenit,
915 1198 1033 1253 centum
1061 1198 1091 1254 et

80 1286 246 1362 octoginta,
269 1305 359 1361 quam
382 1285 515 1344 dividam
537 1305 591 1361 per
612 1285 756 1343 maiorem
777 1303 948 1358 numerum,
971 1283 1022 1359 qui
1046 1287 1091 1343 est

78 1393 194 1450 novem,
219 1378 249 1433 et
271 1374 329 1432 erit
351 1393 501 1450 numerus,
524 1375 576 1450 qui
597 1373 744 1450 provenit,
766 1373 884 1450 viginti.
925 1371 983 1430 Sed
1005 1373 1090 1430 radix

75 1464 185 1539 viginti
208 1467 253 1522 est
275 1464 355 1522 linea
377 1463 483 1538 minor,
506 1483 576 1540 ergo
595 1463 776 1538 quadratum
794 1461 924 1536 maioris,
948 1461 1027 1536 quod
1046 1465 1091 1519 est

75 1552 202 1630 triginta
226 1571 284 1627 sex,
307 1555 408 1628 potest
431 1571 523 1628 supra
546 1552 656 1629 viginti
679 1571 746 1610 cum
770 1549 924 1627 quadrato,
947 1549 1027 1625 quod
1045 1552 1090 1608 est
1104 1561 1129 1601 1⁵

77 1642 235 1716 sexdecim,
263 1641 346 1700 ouius
374 1642 454 1700 latus
481 1644 527 1700 est
549 1644 692 1716 quatuor,
716 1639 796 1716 quod
818 1639 1016 1698 communicat
1039 1657 1090 1697 sex

75 1729 106 1787 in
133 1730 328 1807 longitudine.
377 1729 462 1799 Quod
485 1730 563 1790 sicut
584 1729 660 1788 illud
684 1732 741 1803 est,
770 1727 850 1804 quod
873 1731 918 1786 est
940 1727 972 1786 in
994 1727 1090 1805 figura

915 1912 1032 1975 quatuor
1067 1922 1086 1958 a

568 1909 1085 2016 l--l--1

76 2418 353 2494 septimadecima,
382 2419 461 2494 quod
485 2423 543 2495 est,
566 2424 601 2478 ut
622 2438 732 2495 ponam
754 2420 830 2479 duos
854 2439 991 2480 numeros
1017 2440 1088 2496 qua·

76 2508 177 2566 dratos
201 2510 251 2586 ob,
274 2527 325 2583 up,
347 2510 378 2565 θῖ
400 2527 459 2566 non
483 2509 523 2567 sit
545 2509 737 2584 superfluum,
760 2509 841 2584 quod
865 2513 910 2568 est
932 2511 1088 2584 intereos,

76 2597 156 2672 quod
183 2599 228 2655 est
255 2598 307 2672 by,
333 2615 473 2655 numerus
501 2597 677 2674 quadratus,
706 2600 737 2656 et
764 2598 804 2656 sit
829 2598 910 2656 linea
933 2601 974 2656 de
996 2599 1088 2658 ratio·
1102 2608 1129 2648 2⁰

75 2686 166 2760 naliS,
198 2704 289 2760 supra
323 2704 413 2760 quam
445 2686 609 2746 describam
637 2686 858 2745 semicirculum
886 2689 958 2761 dae3
992 2690 1021 2746 et
1049 2687 1089 2747 sit

74 2775 228 2849 proportio
257 2774 396 2850 quadrati
422 2774 496 2833 facti
523 2795 558 2834 ex
586 2776 625 2835 dc
652 2775 691 2832 ad
715 2775 894 2850 quadratum
916 2777 1030 2835 factum
1053 2797 1089 2835 ex

76 2865 116 2921 de
144 2863 220 2921 sicut
246 2863 400 2939 proportio
428 2865 469 2922 ab
497 2864 535 2922 ad
559 2882 608 2938 op.
653 2864 832 2922 Protraham
855 2866 955 2923 autem
977 2865 1088 2924 lineam

74 2947 165 3030 <re>,
193 2971 262 3029 ergo
290 2951 443 3028 proportio
472 2954 513 3011 ab
541 2953 579 3010 ad
606 2955 646 3027 tp
669 2956 714 3012 est
736 2953 815 3012 siout
836 2955 989 3030 proportio
1014 2973 1086 3030 qua-

76 3040 155 3099 drati
186 3041 259 3100 facti
291 3061 326 3099 ex
358 3041 398 3099 dc
429 3040 480 3114 ad
499 3041 678 3116 quadratum
709 3042 823 3101 factum
850 3061 885 3101 ex
913 3061 956 3103 ea.
1006 3045 1086 3121 Ergo
1101 3050 1127 3092 25

78 3154 290 3173 *4⁴-

147 3229 172 3297 1)
196 3227 247 3281 Est
269 3227 398 3281 Eucnmrs
420 3226 539 3282 Caurum
559 3227 597 3296 X,
617 3234 651 3281 24
676 3228 831 3297 (Hammon
854 3229 891 3298 X,
916 3231 972 3298 31):
1004 3229 1087 3282 Duas

77 3299 163 3352 lineos
192 3300 319 3354 rnediales
342 3301 466 3368 potentia
492 3305 600 3353 tontum
623 3301 849 3356 corumuoimutea
870 3300 1087 3369 superficiemque

76 3370 240 3423 rationalem
267 3373 443 3436 continentes,
473 3387 590 3438 quorum
619 3371 724 3440 lonqior
749 3373 786 3426 sit
808 3373 946 3441 potentior
973 3371 1088 3424 breviori

77 3446 221 3509 oupmeuto
239 3443 370 3510 quadrati
388 3443 456 3496 lineo
474 3442 698 3496 communicantis
716 3443 800 3497 eidem
819 3443 936 3514 looyiori
953 3442 985 3495 in
1000 3442 1086 3512 loupi-

72 3511 177 3577 tudine,
194 3511 323 3566 invenire.
