<?xml version="1.0" encoding="UTF-8"?>
<!DOCTYPE html PUBLIC "-//W3C//DTD XHTML 1.0 Transitional//EN"
    "http://www.w3.org/TR/xhtml1/DTD/xhtml1-transitional.dtd">
<html xmlns="http://www.w3.org/1999/xhtml" xml:lang="en" lang="en">
 <head>
  <title>
</title>
<meta http-equiv="Content-Type" content="text/html;charset=utf-8" />
  <meta name='ocr-system' content='tesseract 3.04.00' />
  <meta name='ocr-capabilities' content='ocr_page ocr_carea ocr_par ocr_line ocrx_word'/>
</head>
<body>
  <div class='ocr_page' id='page_1' title='image "./euclidisoperaom18unkngoog/euclidisoperaom18unkngoog_0223.png"; bbox 0 0 2408 3848; ppageno 0'>
   <div class='ocr_carea' id='block_1_1' title="bbox 116 156 843 224">
    <p class='ocr_par' dir='ltr' id='par_1_1' title="bbox 116 156 843 224">
     <span class='ocr_line' id='line_1_1' title="bbox 116 156 843 224; baseline -0.019 1"><span class='ocrx_word' id='word_1_1' title='bbox 116 160 180 224; x_wconf 81' lang='grc'><strong>186</strong></span> <span class='ocrx_word' id='word_1_2' title='bbox 402 159 568 213; x_wconf 84' lang='lat' dir='ltr'>ANARITII</span> <span class='ocrx_word' id='word_1_3' title='bbox 587 156 843 213; x_wconf 81' lang='lat' dir='ltr'>COMMENTARII</span> 
     </span>
    </p>
   </div>
   <div class='ocr_carea' id='block_1_2' title="bbox 70 328 1156 2716">
    <p class='ocr_par' dir='ltr' id='par_1_2' title="bbox 70 328 1156 2716">
     <span class='ocr_line' id='line_1_2' title="bbox 112 328 1128 406; baseline -0.003 -19"><span class='ocrx_word' id='word_1_4' title='bbox 112 331 225 388; x_wconf 88' lang='lat' dir='ltr'>lineam</span> <span class='ocrx_word' id='word_1_5' title='bbox 239 334 276 406; x_wconf 75' lang='lat' dir='ltr'>tc,</span> <span class='ocrx_word' id='word_1_6' title='bbox 292 347 382 404; x_wconf 91' lang='lat' dir='ltr'>quam</span> <span class='ocrx_word' id='word_1_7' title='bbox 395 347 504 404; x_wconf 87' lang='lat' dir='ltr'>ponam</span> <span class='ocrx_word' id='word_1_8' title='bbox 518 329 653 403; x_wconf 83' lang='lat' dir='ltr'>equalem</span> <span class='ocrx_word' id='word_1_9' title='bbox 667 329 743 386; x_wconf 92' lang='lat' dir='ltr'>linee</span> <span class='ocrx_word' id='word_1_10' title='bbox 757 347 820 403; x_wconf 80' lang='lat' dir='ltr'>mm,</span> <span class='ocrx_word' id='word_1_11' title='bbox 835 331 865 385; x_wconf 89' lang='lat' dir='ltr'>et</span> <span class='ocrx_word' id='word_1_12' title='bbox 879 333 911 401; x_wconf 82' lang='lat' dir='ltr'>tq</span> <span class='ocrx_word' id='word_1_13' title='bbox 926 328 1060 402; x_wconf 80' lang='lat' dir='ltr'>equalem</span> <span class='ocrx_word' id='word_1_14' title='bbox 1074 330 1128 400; x_wconf 83' lang='lat' dir='ltr'>ml,</span> 
     </span>
     <span class='ocr_line' id='line_1_3' title="bbox 115 416 1128 494; baseline -0.003 -18"><span class='ocrx_word' id='word_1_15' title='bbox 115 421 146 476; x_wconf 92' lang='lat' dir='ltr'>et</span> <span class='ocrx_word' id='word_1_16' title='bbox 172 418 345 494; x_wconf 80' lang='lat' dir='ltr'><strong>protraham</strong></span> <span class='ocrx_word' id='word_1_17' title='bbox 371 417 548 475; x_wconf 90' lang='lat' dir='ltr'>diametrum</span> <span class='ocrx_word' id='word_1_18' title='bbox 572 419 616 492; x_wconf 78' lang='lat' dir='ltr'>m,</span> <span class='ocrx_word' id='word_1_19' title='bbox 649 419 679 474; x_wconf 90' lang='lat' dir='ltr'>et</span> <span class='ocrx_word' id='word_1_20' title='bbox 707 417 858 492; x_wconf 80' lang='lat' dir='ltr'>complebo</span> <span class='ocrx_word' id='word_1_21' title='bbox 892 416 1059 492; x_wconf 84' lang='lat' dir='ltr'>superficies</span> <span class='ocrx_word' id='word_1_22' title='bbox 1082 417 1128 489; x_wconf 66' lang='lat' dir='ltr'>lif,</span> 
     </span>
     <span class='ocr_line' id='line_1_4' title="bbox 113 505 1128 582; baseline -0.005 -16"><span class='ocrx_word' id='word_1_23' title='bbox 113 509 162 582; x_wconf 79' lang='lat' dir='ltr'>fb,</span> <span class='ocrx_word' id='word_1_24' title='bbox 189 509 233 580; x_wconf 72' lang='lat' dir='ltr'>fle.</span> <span class='ocrx_word' id='word_1_25' title='bbox 285 505 459 582; x_wconf 83' lang='lat' dir='ltr'>Superficies</span> <span class='ocrx_word' id='word_1_26' title='bbox 486 507 588 582; x_wconf 89' lang='lat' dir='ltr'>itaque</span> <span class='ocrx_word' id='word_1_27' title='bbox 616 524 653 579; x_wconf 87' lang='lat' dir='ltr'>qs</span> <span class='ocrx_word' id='word_1_28' title='bbox 680 509 725 564; x_wconf 91' lang='lat' dir='ltr'>est</span> <span class='ocrx_word' id='word_1_29' title='bbox 752 506 905 582; x_wconf 77' lang='lat' dir='ltr'>quingenti</span> <span class='ocrx_word' id='word_1_30' title='bbox 935 506 1128 582; x_wconf 78' lang='lat' dir='ltr'>septuaginta</span> 
     </span>
     <span class='ocr_line' id='line_1_5' title="bbox 114 595 1126 672; baseline -0.003 -18"><span class='ocrx_word' id='word_1_31' title='bbox 114 616 173 671; x_wconf 76' lang='lat' dir='ltr'>sex,</span> <span class='ocrx_word' id='word_1_32' title='bbox 200 598 334 653; x_wconf 87' lang='lat' dir='ltr'>remanet</span> <span class='ocrx_word' id='word_1_33' title='bbox 362 613 431 671; x_wconf 82' lang='lat' dir='ltr'>ergo</span> <span class='ocrx_word' id='word_1_34' title='bbox 460 614 567 672; x_wconf 83' lang='lat' dir='ltr'>gnomo</span> <span class='ocrx_word' id='word_1_35' title='bbox 589 595 669 668; x_wconf 79' lang='lat' dir='ltr'>leffle</span> <span class='ocrx_word' id='word_1_36' title='bbox 695 595 777 653; x_wconf 89' lang='lat' dir='ltr'>mille</span> <span class='ocrx_word' id='word_1_37' title='bbox 806 598 836 652; x_wconf 89' lang='lat' dir='ltr'>et</span> <span class='ocrx_word' id='word_1_38' title='bbox 858 595 966 671; x_wconf 84' lang='lat' dir='ltr'>viginti</span> <span class='ocrx_word' id='word_1_39' title='bbox 990 597 1126 669; x_wconf 89' lang='lat' dir='ltr'>quatuor.</span> 
     </span>
     <span class='ocr_line' id='line_1_6' title="bbox 85 682 1126 761; baseline -0.004 -18"><span class='ocrx_word' id='word_1_40' title='bbox 85 684 173 743; x_wconf 69' lang='lat' dir='ltr'>⁵Sed</span> <span class='ocrx_word' id='word_1_41' title='bbox 197 687 239 743; x_wconf 80' lang='lat' dir='ltr'>ele</span> <span class='ocrx_word' id='word_1_42' title='bbox 262 687 307 742; x_wconf 88' lang='lat' dir='ltr'>est</span> <span class='ocrx_word' id='word_1_43' title='bbox 329 685 438 761; x_wconf 82' lang='lat' dir='ltr'>viginti</span> <span class='ocrx_word' id='word_1_44' title='bbox 462 684 635 759; x_wconf 87' lang='lat' dir='ltr'>cubitorum,</span> <span class='ocrx_word' id='word_1_45' title='bbox 659 686 689 742; x_wconf 90' lang='lat' dir='ltr'>et</span> <span class='ocrx_word' id='word_1_46' title='bbox 710 685 750 742; x_wconf 83' lang='lat' dir='ltr'>ho</span> <span class='ocrx_word' id='word_1_47' title='bbox 774 683 928 742; x_wconf 84' lang='lat' dir='ltr'>duodecim</span> <span class='ocrx_word' id='word_1_48' title='bbox 951 682 1126 757; x_wconf 82' lang='lat' dir='ltr'>cubitorum,</span> 
     </span>
     <span class='ocr_line' id='line_1_7' title="bbox 115 772 1128 851; baseline -0.004 -19"><span class='ocrx_word' id='word_1_49' title='bbox 115 792 185 851; x_wconf 89' lang='lat' dir='ltr'>ergo</span> <span class='ocrx_word' id='word_1_50' title='bbox 209 792 250 831; x_wconf 86' lang='lat' dir='ltr'>oa</span> <span class='ocrx_word' id='word_1_51' title='bbox 274 775 318 831; x_wconf 90' lang='lat' dir='ltr'>est</span> <span class='ocrx_word' id='word_1_52' title='bbox 340 773 466 848; x_wconf 86' lang='lat' dir='ltr'>triginta</span> <span class='ocrx_word' id='word_1_53' title='bbox 495 772 619 830; x_wconf 86' lang='lat' dir='ltr'>duorum</span> <span class='ocrx_word' id='word_1_54' title='bbox 647 772 825 846; x_wconf 81' lang='lat' dir='ltr'>cubitorum,</span> <span class='ocrx_word' id='word_1_55' title='bbox 854 775 883 830; x_wconf 91' lang='lat' dir='ltr'>et</span> <span class='ocrx_word' id='word_1_56' title='bbox 907 773 997 829; x_wconf 86' lang='lat' dir='ltr'>etiam</span> <span class='ocrx_word' id='word_1_57' title='bbox 1019 774 1053 844; x_wconf 72' lang='lat' dir='ltr'>fo</span> <span class='ocrx_word' id='word_1_58' title='bbox 1083 776 1128 829; x_wconf 88' lang='lat' dir='ltr'>est</span> 
     </span>
     <span class='ocr_line' id='line_1_8' title="bbox 113 860 1127 939; baseline -0.003 -19"><span class='ocrx_word' id='word_1_59' title='bbox 113 864 240 939; x_wconf 86' lang='lat' dir='ltr'>triginta</span> <span class='ocrx_word' id='word_1_60' title='bbox 268 862 393 919; x_wconf 88' lang='lat' dir='ltr'>duorum</span> <span class='ocrx_word' id='word_1_61' title='bbox 421 861 599 936; x_wconf 89' lang='lat' dir='ltr'>cubitorum,</span> <span class='ocrx_word' id='word_1_62' title='bbox 628 863 768 937; x_wconf 86' lang='lat' dir='ltr'>quoniam</span> <span class='ocrx_word' id='word_1_63' title='bbox 790 863 826 934; x_wconf 82' lang='lat' dir='ltr'>fq</span> <span class='ocrx_word' id='word_1_64' title='bbox 854 864 898 919; x_wconf 90' lang='lat' dir='ltr'>est</span> <span class='ocrx_word' id='word_1_65' title='bbox 926 860 1127 937; x_wconf 87' lang='lat' dir='ltr'>quadraginta</span> 
     </span>
     <span class='ocr_line' id='line_1_9' title="bbox 114 950 1126 1026; baseline -0.003 -17"><span class='ocrx_word' id='word_1_66' title='bbox 114 955 189 1023; x_wconf 84' lang='lat' dir='ltr'>octo,</span> <span class='ocrx_word' id='word_1_67' title='bbox 218 954 247 1008; x_wconf 89' lang='lat' dir='ltr'>et</span> <span class='ocrx_word' id='word_1_68' title='bbox 266 953 303 1009; x_wconf 86' lang='lat' dir='ltr'>bo</span> <span class='ocrx_word' id='word_1_69' title='bbox 327 952 372 1008; x_wconf 89' lang='lat' dir='ltr'>est</span> <span class='ocrx_word' id='word_1_70' title='bbox 395 953 460 1008; x_wconf 91' lang='lat' dir='ltr'>octo</span> <span class='ocrx_word' id='word_1_71' title='bbox 484 950 658 1008; x_wconf 85' lang='lat' dir='ltr'>cubitorum.</span> <span class='ocrx_word' id='word_1_72' title='bbox 712 951 777 1008; x_wconf 92' lang='lat' dir='ltr'>Iam</span> <span class='ocrx_word' id='word_1_73' title='bbox 809 969 878 1026; x_wconf 86' lang='lat' dir='ltr'>ergo</span> <span class='ocrx_word' id='word_1_74' title='bbox 906 951 1126 1008; x_wconf 82' lang='lat' dir='ltr'>adiunxerimus</span> 
     </span>
     <span class='ocr_line' id='line_1_10' title="bbox 115 1039 1126 1115; baseline -0.003 -17"><span class='ocrx_word' id='word_1_75' title='bbox 115 1041 153 1098; x_wconf 88' lang='lat' dir='ltr'>ad</span> <span class='ocrx_word' id='word_1_76' title='bbox 180 1041 290 1097; x_wconf 88' lang='lat' dir='ltr'>lineam</span> <span class='ocrx_word' id='word_1_77' title='bbox 318 1041 359 1098; x_wconf 83' lang='lat' dir='ltr'>ab</span> <span class='ocrx_word' id='word_1_78' title='bbox 387 1039 572 1114; x_wconf 87' lang='lat' dir='ltr'>superficiem</span> <span class='ocrx_word' id='word_1_79' title='bbox 599 1041 642 1111; x_wconf 82' lang='lat' dir='ltr'>uf</span> <span class='ocrx_word' id='word_1_80' title='bbox 664 1040 799 1114; x_wconf 92' lang='lat' dir='ltr'>equalem</span> <span class='ocrx_word' id='word_1_81' title='bbox 826 1039 977 1115; x_wconf 85' lang='lat' dir='ltr'>triangulo</span> <span class='ocrx_word' id='word_1_82' title='bbox 1003 1058 1035 1112; x_wconf 75' lang='lat' dir='ltr'>p,</span> <span class='ocrx_word' id='word_1_83' title='bbox 1069 1059 1126 1113; x_wconf 92' lang='lat' dir='ltr'>que</span> 
     </span>
     <span class='ocr_line' id='line_1_11' title="bbox 71 1128 1126 1205; baseline -0.003 -18"><span class='ocrx_word' id='word_1_84' title='bbox 71 1141 100 1180; x_wconf 84' lang='lat'>10</span> <span class='ocrx_word' id='word_1_85' title='bbox 116 1132 160 1187; x_wconf 91' lang='lat' dir='ltr'>est</span> <span class='ocrx_word' id='word_1_86' title='bbox 178 1130 261 1186; x_wconf 90' lang='lat' dir='ltr'>mille</span> <span class='ocrx_word' id='word_1_87' title='bbox 280 1130 310 1187; x_wconf 90' lang='lat' dir='ltr'>et</span> <span class='ocrx_word' id='word_1_88' title='bbox 328 1129 436 1205; x_wconf 86' lang='lat' dir='ltr'>viginti</span> <span class='ocrx_word' id='word_1_89' title='bbox 455 1131 590 1204; x_wconf 84' lang='lat' dir='ltr'>quatuor,</span> <span class='ocrx_word' id='word_1_90' title='bbox 609 1128 761 1186; x_wconf 87' lang='lat' dir='ltr'>inveniens</span> <span class='ocrx_word' id='word_1_91' title='bbox 781 1147 816 1185; x_wconf 82' lang='lat' dir='ltr'>ex</span> <span class='ocrx_word' id='word_1_92' title='bbox 835 1128 1029 1202; x_wconf 81' lang='lat' dir='ltr'>completione</span> <span class='ocrx_word' id='word_1_93' title='bbox 1048 1128 1126 1184; x_wconf 88' lang='lat' dir='ltr'>linee</span> 
     </span>
     <span class='ocr_line' id='line_1_12' title="bbox 115 1217 1127 1293; baseline -0.003 -17"><span class='ocrx_word' id='word_1_94' title='bbox 115 1217 299 1293; x_wconf 87' lang='lat' dir='ltr'>superficiem</span> <span class='ocrx_word' id='word_1_95' title='bbox 322 1219 357 1289; x_wconf 78' lang='lat' dir='ltr'>fb</span> <span class='ocrx_word' id='word_1_96' title='bbox 381 1217 508 1274; x_wconf 88' lang='lat' dir='ltr'>similem</span> <span class='ocrx_word' id='word_1_97' title='bbox 527 1217 691 1293; x_wconf 85' lang='lat' dir='ltr'>superficiei</span> <span class='ocrx_word' id='word_1_98' title='bbox 713 1219 762 1290; x_wconf 76' lang='lat' dir='ltr'>ed,</span> <span class='ocrx_word' id='word_1_99' title='bbox 786 1218 864 1293; x_wconf 86' lang='lat' dir='ltr'>quod</span> <span class='ocrx_word' id='word_1_100' title='bbox 887 1217 953 1274; x_wconf 88' lang='lat' dir='ltr'>ideo</span> <span class='ocrx_word' id='word_1_101' title='bbox 978 1219 1030 1288; x_wconf 88' lang='lat' dir='ltr'>est,</span> <span class='ocrx_word' id='word_1_102' title='bbox 1054 1235 1127 1291; x_wconf 91' lang='lat' dir='ltr'>quo-</span> 
     </span>
     <span class='ocr_line' id='line_1_13' title="bbox 114 1305 1128 1382; baseline -0.002 -18"><span class='ocrx_word' id='word_1_103' title='bbox 114 1307 195 1364; x_wconf 90' lang='lat' dir='ltr'>niam</span> <span class='ocrx_word' id='word_1_104' title='bbox 222 1308 301 1364; x_wconf 89' lang='lat' dir='ltr'>latus</span> <span class='ocrx_word' id='word_1_105' title='bbox 328 1325 384 1364; x_wconf 82' lang='lat' dir='ltr'>mm</span> <span class='ocrx_word' id='word_1_106' title='bbox 416 1309 461 1364; x_wconf 90' lang='lat' dir='ltr'>est</span> <span class='ocrx_word' id='word_1_107' title='bbox 488 1307 686 1382; x_wconf 78' lang='lat' dir='ltr'>quadruplum</span> <span class='ocrx_word' id='word_1_108' title='bbox 712 1307 815 1364; x_wconf 85' lang='lat' dir='ltr'>lateris</span> <span class='ocrx_word' id='word_1_109' title='bbox 842 1307 899 1379; x_wconf 81' lang='lat' dir='ltr'>ml,</span> <span class='ocrx_word' id='word_1_110' title='bbox 932 1309 962 1362; x_wconf 90' lang='lat' dir='ltr'>et</span> <span class='ocrx_word' id='word_1_111' title='bbox 989 1305 1128 1363; x_wconf 89' lang='lat' dir='ltr'>similiter</span> 
     </span>
     <span class='ocr_line' id='line_1_14' title="bbox 114 1394 1156 1470; baseline -0.003 -17"><span class='ocrx_word' id='word_1_112' title='bbox 114 1397 193 1454; x_wconf 87' lang='lat' dir='ltr'>latus</span> <span class='ocrx_word' id='word_1_113' title='bbox 220 1398 255 1468; x_wconf 76' lang='lat' dir='ltr'>fo</span> <span class='ocrx_word' id='word_1_114' title='bbox 288 1398 332 1453; x_wconf 88' lang='lat' dir='ltr'>est</span> <span class='ocrx_word' id='word_1_115' title='bbox 360 1394 558 1470; x_wconf 79' lang='lat' dir='ltr'>quadruplum</span> <span class='ocrx_word' id='word_1_116' title='bbox 586 1395 688 1453; x_wconf 88' lang='lat' dir='ltr'>lateris</span> <span class='ocrx_word' id='word_1_117' title='bbox 716 1397 766 1468; x_wconf 81' lang='lat' dir='ltr'>b03</span> <span class='ocrx_word' id='word_1_118' title='bbox 799 1397 829 1452; x_wconf 89' lang='lat' dir='ltr'>et</span> <span class='ocrx_word' id='word_1_119' title='bbox 855 1394 929 1452; x_wconf 89' lang='lat' dir='ltr'>illud</span> <span class='ocrx_word' id='word_1_120' title='bbox 958 1397 1013 1468; x_wconf 76' lang='lat' dir='ltr'>est,</span> <span class='ocrx_word' id='word_1_121' title='bbox 1048 1395 1127 1468; x_wconf 91' lang='lat' dir='ltr'>quod</span> <span class='ocrx_word' id='word_1_122' title='bbox 1153 1436 1156 1442; x_wconf 83' lang='lat'><em>.</em></span> 
     </span>
     <span class='ocr_line' id='line_1_15' title="bbox 114 1483 1128 1560; baseline -0.002 -18"><span class='ocrx_word' id='word_1_123' title='bbox 114 1485 315 1543; x_wconf 86' lang='lat' dir='ltr'>demonstrare</span> <span class='ocrx_word' id='word_1_124' title='bbox 329 1484 484 1541; x_wconf 81' lang='lat' dir='ltr'>voluimus,</span> <span class='ocrx_word' id='word_1_125' title='bbox 516 1483 599 1552; x_wconf 85' lang='lat' dir='ltr'>Quod</span> <span class='ocrx_word' id='word_1_126' title='bbox 619 1486 643 1542; x_wconf 89' lang='lat' dir='ltr'>si</span> <span class='ocrx_word' id='word_1_127' title='bbox 663 1485 855 1560; x_wconf 81' lang='lat' dir='ltr'>contingeret,</span> <span class='ocrx_word' id='word_1_128' title='bbox 874 1486 908 1540; x_wconf 93' lang='lat' dir='ltr'>ut</span> <span class='ocrx_word' id='word_1_129' title='bbox 925 1483 1094 1559; x_wconf 83' lang='lat' dir='ltr'>triangulus</span> <span class='ocrx_word' id='word_1_130' title='bbox 1107 1502 1128 1554; x_wconf 57' lang='lat' dir='ltr'>,q</span> 
     </span>
     <span class='ocr_line' id='line_1_16' title="bbox 73 1567 1127 1651; baseline -0.003 -19"><span class='ocrx_word' id='word_1_131' title='bbox 73 1584 100 1624; x_wconf 81' lang='lat'>15</span> <span class='ocrx_word' id='word_1_132' title='bbox 114 1568 213 1648; x_wconf 87' lang='lat' dir='ltr'>&lt;esset</span> <span class='ocrx_word' id='word_1_133' title='bbox 236 1567 370 1651; x_wconf 86' lang='lat' dir='ltr'>equalis&gt;</span> <span class='ocrx_word' id='word_1_134' title='bbox 398 1577 450 1630; x_wconf 92' lang='lat' dir='ltr'>aut</span> <span class='ocrx_word' id='word_1_135' title='bbox 478 1574 544 1648; x_wconf 89' lang='lat' dir='ltr'>plus</span> <span class='ocrx_word' id='word_1_136' title='bbox 570 1574 652 1631; x_wconf 89' lang='lat' dir='ltr'>mille</span> <span class='ocrx_word' id='word_1_137' title='bbox 681 1573 824 1631; x_wconf 80' lang='lat' dir='ltr'>sexcentis</span> <span class='ocrx_word' id='word_1_138' title='bbox 853 1573 972 1646; x_wconf 88' lang='lat' dir='ltr'>cubitis,</span> <span class='ocrx_word' id='word_1_139' title='bbox 1000 1590 1127 1647; x_wconf 93' lang='lat' dir='ltr'>quorum</span> 
     </span>
     <span class='ocr_line' id='line_1_17' title="bbox 114 1661 1126 1738; baseline -0.002 -17"><span class='ocrx_word' id='word_1_140' title='bbox 114 1663 282 1738; x_wconf 87' lang='lat' dir='ltr'>superficies</span> <span class='ocrx_word' id='word_1_141' title='bbox 311 1664 356 1720; x_wconf 91' lang='lat' dir='ltr'>est</span> <span class='ocrx_word' id='word_1_142' title='bbox 379 1665 426 1736; x_wconf 77' lang='lat' dir='ltr'>et,</span> <span class='ocrx_word' id='word_1_143' title='bbox 453 1680 512 1718; x_wconf 92' lang='lat' dir='ltr'>non</span> <span class='ocrx_word' id='word_1_144' title='bbox 541 1664 617 1719; x_wconf 89' lang='lat' dir='ltr'>esset</span> <span class='ocrx_word' id='word_1_145' title='bbox 644 1661 796 1736; x_wconf 74' lang='lat' dir='ltr'>possibile,</span> <span class='ocrx_word' id='word_1_146' title='bbox 824 1665 858 1719; x_wconf 92' lang='lat' dir='ltr'>ut</span> <span class='ocrx_word' id='word_1_147' title='bbox 886 1661 923 1718; x_wconf 91' lang='lat' dir='ltr'>ad</span> <span class='ocrx_word' id='word_1_148' title='bbox 950 1661 1061 1718; x_wconf 90' lang='lat' dir='ltr'>lineam</span> <span class='ocrx_word' id='word_1_149' title='bbox 1084 1663 1126 1719; x_wconf 76' lang='lat' dir='ltr'>ul)</span> 
     </span>
     <span class='ocr_line' id='line_1_18' title="bbox 115 1749 1126 1828; baseline -0.003 -19"><span class='ocrx_word' id='word_1_150' title='bbox 115 1752 326 1828; x_wconf 86' lang='lat' dir='ltr'>adiungeretur</span> <span class='ocrx_word' id='word_1_151' title='bbox 349 1749 517 1824; x_wconf 78' lang='lat' dir='ltr'>superficies</span> <span class='ocrx_word' id='word_1_152' title='bbox 540 1750 654 1824; x_wconf 88' lang='lat' dir='ltr'>equalis</span> <span class='ocrx_word' id='word_1_153' title='bbox 678 1750 713 1824; x_wconf 83' lang='lat' dir='ltr'>ei,</span> <span class='ocrx_word' id='word_1_154' title='bbox 737 1752 767 1807; x_wconf 91' lang='lat' dir='ltr'>et</span> <span class='ocrx_word' id='word_1_155' title='bbox 786 1752 921 1807; x_wconf 88' lang='lat' dir='ltr'>numeret</span> <span class='ocrx_word' id='word_1_156' title='bbox 945 1769 979 1807; x_wconf 88' lang='lat' dir='ltr'>ex</span> <span class='ocrx_word' id='word_1_157' title='bbox 998 1751 1126 1825; x_wconf 90' lang='lat' dir='ltr'>comple-</span> 
     </span>
     <span class='ocr_line' id='line_1_19' title="bbox 113 1838 1126 1914; baseline -0.001 -17"><span class='ocrx_word' id='word_1_158' title='bbox 113 1843 213 1898; x_wconf 92' lang='lat' dir='ltr'>mento</span> <span class='ocrx_word' id='word_1_159' title='bbox 233 1840 295 1896; x_wconf 88' lang='lat' dir='ltr'>eius</span> <span class='ocrx_word' id='word_1_160' title='bbox 314 1838 497 1913; x_wconf 76' lang='lat' dir='ltr'>superficiem</span> <span class='ocrx_word' id='word_1_161' title='bbox 516 1856 560 1912; x_wconf 87' lang='lat' dir='ltr'>oc,</span> <span class='ocrx_word' id='word_1_162' title='bbox 584 1841 614 1896; x_wconf 85' lang='lat' dir='ltr'>et</span> <span class='ocrx_word' id='word_1_163' title='bbox 633 1841 709 1896; x_wconf 87' lang='lat' dir='ltr'>esset</span> <span class='ocrx_word' id='word_1_164' title='bbox 727 1840 761 1910; x_wconf 79' lang='lat' dir='ltr'>fo</span> <span class='ocrx_word' id='word_1_165' title='bbox 780 1839 979 1914; x_wconf 90' lang='lat' dir='ltr'>quadruplum</span> <span class='ocrx_word' id='word_1_166' title='bbox 998 1841 1044 1912; x_wconf 82' lang='lat' dir='ltr'>bo,</span> <span class='ocrx_word' id='word_1_167' title='bbox 1067 1839 1126 1896; x_wconf 81' lang='lat' dir='ltr'>nisi</span> 
     </span>
     <span class='ocr_line' id='line_1_20' title="bbox 113 1926 1127 2003; baseline -0.001 -18"><span class='ocrx_word' id='word_1_168' title='bbox 113 1930 191 1986; x_wconf 88' lang='lat' dir='ltr'>foret</span> <span class='ocrx_word' id='word_1_169' title='bbox 208 1929 361 2003; x_wconf 87' lang='lat' dir='ltr'>proportio</span> <span class='ocrx_word' id='word_1_170' title='bbox 379 1928 413 1998; x_wconf 81' lang='lat' dir='ltr'>fo</span> <span class='ocrx_word' id='word_1_171' title='bbox 428 1927 467 1985; x_wconf 91' lang='lat' dir='ltr'>ad</span> <span class='ocrx_word' id='word_1_172' title='bbox 480 1929 518 1985; x_wconf 86' lang='lat' dir='ltr'>ob</span> <span class='ocrx_word' id='word_1_173' title='bbox 537 1926 612 1984; x_wconf 90' lang='lat' dir='ltr'>sicut</span> <span class='ocrx_word' id='word_1_174' title='bbox 630 1928 782 2003; x_wconf 91' lang='lat' dir='ltr'>proportio</span> <span class='ocrx_word' id='word_1_175' title='bbox 801 1930 843 1986; x_wconf 83' lang='lat' dir='ltr'>ele</span> <span class='ocrx_word' id='word_1_176' title='bbox 861 1929 900 1985; x_wconf 84' lang='lat' dir='ltr'>ad</span> <span class='ocrx_word' id='word_1_177' title='bbox 915 1946 948 1987; x_wconf 78' lang='grc'>11</span> <span class='ocrx_word' id='word_1_178' title='bbox 967 1927 1127 1985; x_wconf 89' lang='lat' dir='ltr'>seeundum</span> 
     </span>
     <span class='ocr_line' id='line_1_21' title="bbox 70 2015 1127 2093; baseline 0.003 -24"><span class='ocrx_word' id='word_1_179' title='bbox 70 2031 100 2069; x_wconf 75' lang='lat' dir='ltr'>ao</span> <span class='ocrx_word' id='word_1_180' title='bbox 114 2017 190 2076; x_wconf 84' lang='lat' dir='ltr'>illud</span> <span class='ocrx_word' id='word_1_181' title='bbox 211 2017 315 2073; x_wconf 89' lang='lat' dir='ltr'>maior.</span> <span class='ocrx_word' id='word_1_182' title='bbox 362 2015 444 2073; x_wconf 85' lang='lat' dir='ltr'>Sicut</span> <span class='ocrx_word' id='word_1_183' title='bbox 467 2017 492 2074; x_wconf 90' lang='lat' dir='ltr'>si</span> <span class='ocrx_word' id='word_1_184' title='bbox 515 2018 592 2074; x_wconf 90' lang='lat' dir='ltr'>esset</span> <span class='ocrx_word' id='word_1_185' title='bbox 614 2016 782 2091; x_wconf 84' lang='lat' dir='ltr'>superficies</span> <span class='ocrx_word' id='word_1_186' title='bbox 799 2017 979 2093; x_wconf 78' lang='lat' dir='ltr'>triangulip</span> <span class='ocrx_word' id='word_1_187' title='bbox 1002 2016 1127 2073; x_wconf 88' lang='lat' dir='ltr'>duorum</span> 
     </span>
     <span class='ocr_line' id='line_1_22' title="bbox 113 2104 1127 2178; baseline -0.001 -15"><span class='ocrx_word' id='word_1_188' title='bbox 113 2106 229 2163; x_wconf 89' lang='lat' dir='ltr'>milium</span> <span class='ocrx_word' id='word_1_189' title='bbox 257 2104 437 2178; x_wconf 79' lang='lat' dir='ltr'>cubitorum,</span> <span class='ocrx_word' id='word_1_190' title='bbox 468 2108 539 2163; x_wconf 90' lang='lat' dir='ltr'>tune</span> <span class='ocrx_word' id='word_1_191' title='bbox 567 2107 765 2163; x_wconf 88' lang='lat' dir='ltr'>necessarium</span> <span class='ocrx_word' id='word_1_192' title='bbox 797 2108 886 2178; x_wconf 83' lang='lat' dir='ltr'>esset,</span> <span class='ocrx_word' id='word_1_193' title='bbox 918 2110 952 2163; x_wconf 92' lang='lat' dir='ltr'>ut</span> <span class='ocrx_word' id='word_1_194' title='bbox 979 2107 1020 2163; x_wconf 83' lang='lat' dir='ltr'>ab</span> <span class='ocrx_word' id='word_1_195' title='bbox 1049 2109 1127 2162; x_wconf 91' lang='lat' dir='ltr'>esset</span> 
     </span>
     <span class='ocr_line' id='line_1_23' title="bbox 113 2193 1126 2270; baseline -0.001 -18"><span class='ocrx_word' id='word_1_196' title='bbox 113 2194 211 2252; x_wconf 91' lang='lat' dir='ltr'>minor</span> <span class='ocrx_word' id='word_1_197' title='bbox 233 2196 350 2251; x_wconf 89' lang='lat' dir='ltr'>centum</span> <span class='ocrx_word' id='word_1_198' title='bbox 373 2193 488 2268; x_wconf 87' lang='lat' dir='ltr'>cubitis,</span> <span class='ocrx_word' id='word_1_199' title='bbox 512 2197 542 2251; x_wconf 89' lang='lat' dir='ltr'>et</span> <span class='ocrx_word' id='word_1_200' title='bbox 560 2193 697 2252; x_wconf 86' lang='lat' dir='ltr'>similiter</span> <span class='ocrx_word' id='word_1_201' title='bbox 714 2195 897 2269; x_wconf 90' lang='lat' dir='ltr'>reliquorum</span> <span class='ocrx_word' id='word_1_202' title='bbox 916 2213 1037 2270; x_wconf 89' lang='lat' dir='ltr'>operum</span> <span class='ocrx_word' id='word_1_203' title='bbox 1056 2213 1126 2269; x_wconf 90' lang='lat' dir='ltr'>pars</span> 
     </span>
     <span class='ocr_line' id='line_1_24' title="bbox 113 2277 1126 2360; baseline -0.002 -19"><span class='ocrx_word' id='word_1_204' title='bbox 113 2302 144 2341; x_wconf 87' lang='lat' dir='ltr'>se</span> <span class='ocrx_word' id='word_1_205' title='bbox 168 2283 266 2340; x_wconf 86' lang='lat' dir='ltr'>habet.</span> <span class='ocrx_word' id='word_1_206' title='bbox 313 2281 370 2340; x_wconf 85' lang='lat' dir='ltr'>Sed</span> <span class='ocrx_word' id='word_1_207' title='bbox 387 2277 455 2360; x_wconf 69' lang='lat' dir='ltr'>(si)</span> <span class='ocrx_word' id='word_1_208' title='bbox 478 2284 631 2342; x_wconf 74' lang='lat' dir='ltr'>defuerit</span> <span class='ocrx_word' id='word_1_209' title='bbox 654 2284 833 2359; x_wconf 85' lang='lat' dir='ltr'>quadratum</span> <span class='ocrx_word' id='word_1_210' title='bbox 856 2283 917 2341; x_wconf 86' lang='lat' dir='ltr'>sive</span> <span class='ocrx_word' id='word_1_211' title='bbox 942 2283 1126 2342; x_wconf 86' lang='lat' dir='ltr'>diversorum</span> 
     </span>
     <span class='ocr_line' id='line_1_25' title="bbox 112 2367 1126 2450; baseline 0 -22"><span class='ocrx_word' id='word_1_212' title='bbox 112 2371 250 2444; x_wconf 81' lang='lat' dir='ltr'>laterum,</span> <span class='ocrx_word' id='word_1_213' title='bbox 272 2371 409 2446; x_wconf 89' lang='lat' dir='ltr'>probatio</span> <span class='ocrx_word' id='word_1_214' title='bbox 432 2390 491 2429; x_wconf 93' lang='lat' dir='ltr'>uno</span> <span class='ocrx_word' id='word_1_215' title='bbox 514 2372 602 2429; x_wconf 89' lang='lat' dir='ltr'>modo</span> <span class='ocrx_word' id='word_1_216' title='bbox 625 2373 689 2447; x_wconf 80' lang='lat' dir='ltr'>erit,</span> <span class='ocrx_word' id='word_1_217' title='bbox 713 2367 784 2450; x_wconf 77' lang='lat' dir='ltr'>(et)</span> <span class='ocrx_word' id='word_1_218' title='bbox 808 2372 911 2431; x_wconf 88' lang='lat' dir='ltr'>eodem</span> <span class='ocrx_word' id='word_1_219' title='bbox 933 2372 1034 2447; x_wconf 83' lang='lat' dir='ltr'>modo,</span> <span class='ocrx_word' id='word_1_220' title='bbox 1063 2373 1126 2429; x_wconf 88' lang='lat' dir='ltr'>sive</span> 
     </span>
     <span class='ocr_line' id='line_1_26' title="bbox 71 2460 1072 2538; baseline 0.004 -25"><span class='ocrx_word' id='word_1_221' title='bbox 71 2474 100 2514; x_wconf 73' lang='lat' dir='ltr'>aa</span> <span class='ocrx_word' id='word_1_222' title='bbox 114 2460 293 2536; x_wconf 84' lang='lat' dir='ltr'>quadratum</span> <span class='ocrx_word' id='word_1_223' title='bbox 315 2461 406 2518; x_wconf 85' lang='lat' dir='ltr'>fuerit</span> <span class='ocrx_word' id='word_1_224' title='bbox 427 2463 575 2518; x_wconf 87' lang='lat' dir='ltr'>rectorum</span> <span class='ocrx_word' id='word_1_225' title='bbox 599 2462 775 2538; x_wconf 81' lang='lat' dir='ltr'>angulorum</span> <span class='ocrx_word' id='word_1_226' title='bbox 798 2463 859 2520; x_wconf 82' lang='lat' dir='ltr'>sive</span> <span class='ocrx_word' id='word_1_227' title='bbox 883 2461 1072 2520; x_wconf 83' lang='lat' dir='ltr'>diversorum.</span> 
     </span>
     <span class='ocr_line' id='line_1_27' title="bbox 202 2543 1125 2626; baseline -0.001 -20"><span class='ocrx_word' id='word_1_228' title='bbox 202 2549 251 2607; x_wconf 89' lang='lat' dir='ltr'>De</span> <span class='ocrx_word' id='word_1_229' title='bbox 274 2549 395 2626; x_wconf 85' lang='lat' dir='ltr'>figura</span> <span class='ocrx_word' id='word_1_230' title='bbox 418 2550 589 2607; x_wconf 86' lang='lat' dir='ltr'>vicesima</span> <span class='ocrx_word' id='word_1_231' title='bbox 611 2543 742 2626; x_wconf 81' lang='lat' dir='ltr'>nona.¹)</span> <span class='ocrx_word' id='word_1_232' title='bbox 797 2549 880 2618; x_wconf 83' lang='lat' dir='ltr'>Quod</span> <span class='ocrx_word' id='word_1_233' title='bbox 909 2552 1046 2625; x_wconf 88' lang='lat' dir='ltr'>opportet</span> <span class='ocrx_word' id='word_1_234' title='bbox 1074 2550 1125 2606; x_wconf 87' lang='lat' dir='ltr'>ad-</span> 
     </span>
     <span class='ocr_line' id='line_1_28' title="bbox 112 2638 1126 2716; baseline -0.001 -20"><span class='ocrx_word' id='word_1_235' title='bbox 112 2639 199 2716; x_wconf 85' lang='lat' dir='ltr'>iungi</span> <span class='ocrx_word' id='word_1_236' title='bbox 220 2638 314 2715; x_wconf 85' lang='lat' dir='ltr'>figure</span> <span class='ocrx_word' id='word_1_237' title='bbox 341 2639 478 2697; x_wconf 84' lang='lat' dir='ltr'>vicesime</span> <span class='ocrx_word' id='word_1_238' title='bbox 506 2657 582 2695; x_wconf 92' lang='lat' dir='ltr'>none</span> <span class='ocrx_word' id='word_1_239' title='bbox 609 2638 696 2696; x_wconf 91' lang='lat' dir='ltr'>huius</span> <span class='ocrx_word' id='word_1_240' title='bbox 723 2639 830 2714; x_wconf 81' lang='lat' dir='ltr'>partis,</span> <span class='ocrx_word' id='word_1_241' title='bbox 859 2642 904 2696; x_wconf 90' lang='lat' dir='ltr'>est</span> <span class='ocrx_word' id='word_1_242' title='bbox 930 2639 1018 2711; x_wconf 87' lang='lat' dir='ltr'>illud,</span> <span class='ocrx_word' id='word_1_243' title='bbox 1046 2639 1126 2713; x_wconf 86' lang='lat' dir='ltr'>quod</span> 
     </span>
    </p>
   </div>
   <div class='ocr_carea' id='block_1_3' title="bbox 110 2832 1126 3041">
    <p class='ocr_par' dir='ltr' id='par_1_3' title="bbox 110 2832 1126 3041">
     <span class='ocr_line' id='line_1_29' title="bbox 184 2832 1124 2924; baseline -0.003 -27"><span class='ocrx_word' id='word_1_244' title='bbox 184 2850 209 2898; x_wconf 82' lang='lat'>3.</span> <span class='ocrx_word' id='word_1_245' title='bbox 228 2842 384 2923; x_wconf 68' lang='lat' dir='ltr'>quinginta</span> <span class='ocrx_word' id='word_1_246' title='bbox 395 2875 429 2881; x_wconf 98' lang='lat'><em>-</em></span> <span class='ocrx_word' id='word_1_247' title='bbox 440 2848 464 2895; x_wconf 83' lang='lat'>9.</span> <span class='ocrx_word' id='word_1_248' title='bbox 479 2841 586 2909; x_wconf 90' lang='lat' dir='ltr'>equale.</span> <span class='ocrx_word' id='word_1_249' title='bbox 599 2875 631 2882; x_wconf 95' lang='lat'><em>-</em></span> <span class='ocrx_word' id='word_1_250' title='bbox 644 2848 684 2897; x_wconf 81' lang='lat'>15.</span> <span class='ocrx_word' id='word_1_251' title='bbox 694 2843 769 2924; x_wconf 89' lang='lat' dir='ltr'>plus]</span> <span class='ocrx_word' id='word_1_252' title='bbox 783 2832 989 2924; x_wconf 83' lang='lat' dir='ltr'>plurimum-</span> <span class='ocrx_word' id='word_1_253' title='bbox 1004 2842 1078 2896; x_wconf 89' lang='lat' dir='ltr'>cubi.</span> <span class='ocrx_word' id='word_1_254' title='bbox 1091 2875 1124 2883; x_wconf 83' lang='lat'><em>-</em></span> 
     </span>
     <span class='ocr_line' id='line_1_30' title="bbox 112 2913 1126 2982; baseline -0.001 -14"><span class='ocrx_word' id='word_1_255' title='bbox 112 2921 227 2970; x_wconf 80' lang='lat'><strong>20-21.</strong></span> <span class='ocrx_word' id='word_1_256' title='bbox 247 2915 302 2967; x_wconf 90' lang='lat' dir='ltr'>duo</span> <span class='ocrx_word' id='word_1_257' title='bbox 320 2913 437 2967; x_wconf 90' lang='lat' dir='ltr'>m1l1um.</span> <span class='ocrx_word' id='word_1_258' title='bbox 457 2945 490 2952; x_wconf 91' lang='lat'>-</span> <span class='ocrx_word' id='word_1_259' title='bbox 513 2920 554 2967; x_wconf 79' lang='lat'>26.</span> <span class='ocrx_word' id='word_1_260' title='bbox 574 2913 616 2967; x_wconf 90' lang='lat' dir='ltr'>De</span> <span class='ocrx_word' id='word_1_261' title='bbox 634 2913 723 2982; x_wconf 84' lang='lat' dir='ltr'>figura</span> <span class='ocrx_word' id='word_1_262' title='bbox 741 2931 875 2968; x_wconf 77' lang='lat' dir='ltr'>ncesrma</span> <span class='ocrx_word' id='word_1_263' title='bbox 892 2931 968 2968; x_wconf 90' lang='lat' dir='ltr'>nona</span> <span class='ocrx_word' id='word_1_264' title='bbox 986 2916 1042 2968; x_wconf 81' lang='lat' dir='ltr'>ium</span> <span class='ocrx_word' id='word_1_265' title='bbox 1061 2922 1126 2968; x_wconf 69' lang='lat' dir='ltr'>ueste</span> 
     </span>
     <span class='ocr_line' id='line_1_31' title="bbox 110 2983 709 3041; baseline -0.002 0"><span class='ocrx_word' id='word_1_266' title='bbox 110 2989 193 3041; x_wconf 79' lang='lat' dir='ltr'>cerba</span> <span class='ocrx_word' id='word_1_267' title='bbox 213 2985 267 3039; x_wconf 85' lang='lat' dir='ltr'>Sed</span> <span class='ocrx_word' id='word_1_268' title='bbox 286 2983 310 3038; x_wconf 88' lang='lat' dir='ltr'>si</span> <span class='ocrx_word' id='word_1_269' title='bbox 328 2986 366 3038; x_wconf 75' lang='lat' dir='ltr'>de</span> <span class='ocrx_word' id='word_1_270' title='bbox 384 2986 415 3038; x_wconf 82' lang='lat' dir='ltr'>m</span> <span class='ocrx_word' id='word_1_271' title='bbox 435 2985 507 3038; x_wconf 81' lang='lat' dir='ltr'>lima</span> <span class='ocrx_word' id='word_1_272' title='bbox 527 2989 544 3038; x_wconf 87' lang='grc'><em>6</em></span> <span class='ocrx_word' id='word_1_273' title='bbox 562 2986 709 3040; x_wconf 76' lang='lat' dir='ltr'>iuvenitur.</span> 
     </span>
    </p>
   </div>
   <div class='ocr_carea' id='block_1_4' title="bbox 110 3180 1126 3536">
    <p class='ocr_par' dir='ltr' id='par_1_4' title="bbox 110 3180 1126 3536">
     <span class='ocr_line' id='line_1_32' title="bbox 185 3180 1125 3251; baseline 0.002 -18"><span class='ocrx_word' id='word_1_274' title='bbox 185 3183 211 3251; x_wconf 89' lang='lat'>1)</span> <span class='ocrx_word' id='word_1_275' title='bbox 240 3180 374 3233; x_wconf 79' lang='lat' dir='ltr'>Eucnrous</span> <span class='ocrx_word' id='word_1_276' title='bbox 393 3180 444 3248; x_wconf 84' lang='lat' dir='ltr'>VI,</span> <span class='ocrx_word' id='word_1_277' title='bbox 466 3186 499 3234; x_wconf 79' lang='lat'>29</span> <span class='ocrx_word' id='word_1_278' title='bbox 528 3180 659 3250; x_wconf 69' lang='grc'><strong>(01111111</strong></span> <span class='ocrx_word' id='word_1_279' title='bbox 676 3182 726 3250; x_wconf 86' lang='lat' dir='ltr'>VI,</span> <span class='ocrx_word' id='word_1_280' title='bbox 751 3187 797 3250; x_wconf 72' lang='lat'>283</span> <span class='ocrx_word' id='word_1_281' title='bbox 825 3180 972 3234; x_wconf 77' lang='lat' dir='ltr'>Humanam</span> <span class='ocrx_word' id='word_1_282' title='bbox 990 3181 1040 3249; x_wconf 83' lang='lat' dir='ltr'>VI,</span> <span class='ocrx_word' id='word_1_283' title='bbox 1065 3185 1125 3250; x_wconf 80' lang='lat'>29):</span> 
     </span>
     <span class='ocr_line' id='line_1_33' title="bbox 111 3252 1125 3326; baseline -0.001 -19"><span class='ocrx_word' id='word_1_284' title='bbox 111 3253 200 3322; x_wconf 78' lang='lat' dir='ltr'>Super</span> <span class='ocrx_word' id='word_1_285' title='bbox 223 3254 316 3307; x_wconf 84' lang='lat' dir='ltr'>datam</span> <span class='ocrx_word' id='word_1_286' title='bbox 339 3252 439 3305; x_wconf 81' lang='lat' dir='ltr'>limeum</span> <span class='ocrx_word' id='word_1_287' title='bbox 458 3252 521 3306; x_wconf 80' lang='lat' dir='ltr'>date</span> <span class='ocrx_word' id='word_1_288' title='bbox 543 3255 695 3322; x_wconf 74' lang='lat' dir='ltr'>superficiei</span> <span class='ocrx_word' id='word_1_289' title='bbox 716 3254 837 3326; x_wconf 80' lang='lat' dir='ltr'>trilatere</span> <span class='ocrx_word' id='word_1_290' title='bbox 859 3270 956 3322; x_wconf 82' lang='lat' dir='ltr'>equum</span> <span class='ocrx_word' id='word_1_291' title='bbox 976 3253 1097 3321; x_wconf 84' lang='lat' dir='ltr'>parallel</span> <span class='ocrx_word' id='word_1_292' title='bbox 1115 3285 1125 3292; x_wconf 97' lang='lat'>-</span> 
     </span>
     <span class='ocr_line' id='line_1_34' title="bbox 110 3323 1126 3394; baseline 0 -16"><span class='ocrx_word' id='word_1_293' title='bbox 110 3341 263 3394; x_wconf 80' lang='lat' dir='ltr'>9rammum</span> <span class='ocrx_word' id='word_1_294' title='bbox 280 3323 448 3389; x_wconf 77' lang='lat' dir='ltr'>constituere,</span> <span class='ocrx_word' id='word_1_295' title='bbox 466 3325 539 3392; x_wconf 81' lang='lat' dir='ltr'>quod</span> <span class='ocrx_word' id='word_1_296' title='bbox 557 3325 643 3379; x_wconf 81' lang='lat' dir='ltr'>addat</span> <span class='ocrx_word' id='word_1_297' title='bbox 660 3342 741 3393; x_wconf 81' lang='lat' dir='ltr'>super</span> <span class='ocrx_word' id='word_1_298' title='bbox 758 3325 958 3393; x_wconf 74' lang='lat' dir='ltr'>completionem</span> <span class='ocrx_word' id='word_1_299' title='bbox 976 3325 1038 3378; x_wconf 80' lang='lat' dir='ltr'>date</span> <span class='ocrx_word' id='word_1_300' title='bbox 1056 3325 1126 3378; x_wconf 77' lang='lat' dir='ltr'>lime</span> 
     </span>
     <span class='ocr_line' id='line_1_35' title="bbox 110 3394 1126 3464; baseline -0.001 -15"><span class='ocrx_word' id='word_1_301' title='bbox 110 3395 278 3464; x_wconf 74' lang='lat' dir='ltr'>superficiem</span> <span class='ocrx_word' id='word_1_302' title='bbox 292 3394 516 3463; x_wconf 78' lang='lat' dir='ltr'>equide&#39;stemium</span> <span class='ocrx_word' id='word_1_303' title='bbox 531 3396 645 3450; x_wconf 77' lang='lat' dir='ltr'>laterem</span> <span class='ocrx_word' id='word_1_304' title='bbox 659 3397 721 3449; x_wconf 80' lang='lat' dir='ltr'>date</span> <span class='ocrx_word' id='word_1_305' title='bbox 734 3395 886 3462; x_wconf 75' lang='lat' dir='ltr'>superficiei</span> <span class='ocrx_word' id='word_1_306' title='bbox 899 3395 1126 3463; x_wconf 79' lang='lat' dir='ltr'>equidistame&#39;um</span> 
     </span>
     <span class='ocr_line' id='line_1_36' title="bbox 113 3465 1126 3536; baseline 0.002 -18"><span class='ocrx_word' id='word_1_307' title='bbox 113 3467 229 3520; x_wconf 81' lang='lat' dir='ltr'>laterum</span> <span class='ocrx_word' id='word_1_308' title='bbox 243 3466 365 3520; x_wconf 75' lang='lat' dir='ltr'>similem.</span> <span class='ocrx_word' id='word_1_309' title='bbox 380 3497 415 3504; x_wconf 89' lang='lat'>—</span> <span class='ocrx_word' id='word_1_310' title='bbox 433 3465 486 3521; x_wconf 88' lang='lat' dir='ltr'>Hic</span> <span class='ocrx_word' id='word_1_311' title='bbox 501 3483 611 3534; x_wconf 89' lang='lat' dir='ltr'>quoque</span> <span class='ocrx_word' id='word_1_312' title='bbox 625 3468 718 3519; x_wconf 85' lang='lat' dir='ltr'>textus</span> <span class='ocrx_word' id='word_1_313' title='bbox 733 3465 878 3518; x_wconf 78' lang='lat' dir='ltr'>Humuncu</span> <span class='ocrx_word' id='word_1_314' title='bbox 896 3466 996 3520; x_wconf 88' lang='lat' dir='ltr'>habet:</span> <span class='ocrx_word' id='word_1_315' title='bbox 1015 3467 1126 3536; x_wconf 73' lang='lat' dir='ltr'>„fipma</span> 
     </span>
    </p>
   </div>
   <div class='ocr_carea' id='block_1_5' title="bbox 78 3535 729 3630">
    <p class='ocr_par' dir='ltr' id='par_1_5' title="bbox 78 3535 729 3630">
     <span class='ocr_line' id='line_1_37' title="bbox 78 3535 729 3630; baseline -0.003 -38"><span class='ocrx_word' id='word_1_316' title='bbox 78 3538 278 3630; x_wconf 29' lang='lat' dir='ltr'>*rectilineum</span> <span class='ocrx_word' id='word_1_317' title='bbox 297 3535 371 3591; x_wconf 87' lang='lat' dir='ltr'>loco:</span> <span class='ocrx_word' id='word_1_318' title='bbox 391 3538 562 3606; x_wconf 74' lang='lat' dir='ltr'>‚superficies</span> <span class='ocrx_word' id='word_1_319' title='bbox 580 3538 729 3592; x_wconf 80' lang='lat' dir='ltr'>trilatera“.</span> 
     </span>
    </p>
   </div>
   <div class='ocr_carea' id='block_1_6' title="bbox 0 0 1208 3848">
    <p class='ocr_par' dir='ltr' id='par_1_6' title="bbox 0 0 1208 3848">
     <span class='ocr_line' id='line_1_38' title="bbox 0 0 1208 3848; baseline 0 0"><span class='ocrx_word' id='word_1_320' title='bbox 0 0 1208 3848; x_wconf 95' lang='lat' dir='ltr'> </span> 
     </span>
    </p>
   </div>
  </div>
 </body>
</html>
