2408 3848
121 157 163 222 ee
408 141 574 211 nnumin
593 155 849 210 communica

119 325 340 400 probationem,
373 328 403 384 et
430 344 499 384 usus
529 327 574 383 est
600 325 632 382 in
658 325 835 400 probatione
863 325 927 384 eius
954 323 1053 402 figura
1079 318 1135 382 13²

121 417 151 472 et
177 416 231 472 15⁸
255 417 286 472 et
310 416 365 474 18*ι
387 414 477 490 primi
499 416 645 472 tractatus
670 413 705 472 de
729 414 890 473 elementia
931 413 973 471 Et
995 414 1051 472 hoc
1074 422 1133 472 non

121 505 166 561 est
198 505 385 576 extraneum,
417 503 559 578 quoniam
590 503 750 562 necemus
780 522 839 562 non
866 520 937 562 usus
966 504 1012 561 est
1039 516 1075 560 ea
1101 502 1133 559 in

120 592 296 666 probatione
329 591 456 671 alienius
488 592 546 650 nisi
578 591 610 648 in
641 592 816 667 probatione
846 594 899 651 29θ
922 591 1016 668 figure
1044 591 1132 649 istius

93 684 275 738 etractatus
330 678 393 738 Hec
431 690 547 756 quoqne
583 680 689 755 petitio
727 681 766 738 ad
802 681 848 739 sui
883 680 976 756 ipsius
1012 679 1132 738 demon-

120 769 294 828 strationem
317 768 432 846 indiget
455 769 556 844 aliqua
580 767 822 844 consideratione,
847 772 882 827 ut
904 769 1133 843 demonstretur,

120 859 213 934 quod,
241 857 490 933 quemadmodum
517 858 573 915 due
600 857 691 933 linee,
719 878 776 934 que
803 858 1022 934 protrahuntur
1045 876 1136 932 super

119 947 192 1006 duos
216 947 341 1024 angrrlos
364 949 474 1020 rectos,
497 965 556 1005 non
579 950 769 1021 concurrant,
792 946 844 1005 sed
867 946 1064 1022 equidistant,
1088 946 1133 1003 ita

118 1035 175 1094 dne
203 1036 294 1109 linee,
322 1055 379 1111 que
406 1036 622 1112 protrahuntur
645 1053 732 1112 super
755 1035 827 1094 duos
852 1035 978 1112 angulos
1001 1035 1132 1094 minores

78 1139 103 1177 ro
118 1123 232 1183 duobus
255 1125 352 1200 rectis,
376 1125 604 1202 coniungimtur.

184 1213 270 1272 Socio
298 1231 367 1272 vero
395 1217 497 1272 nostro
520 1213 623 1272 Aean
653 1232 712 1272 non
740 1216 785 1272 est
811 1213 922 1287 visum,
950 1215 984 1270 ut
1006 1216 1134 1288 poneret

115 1302 192 1361 hanc
210 1303 394 1378 petitionem,
418 1303 561 1378 quoniam
580 1306 647 1380 eget
664 1301 843 1378 probationi,
866 1302 917 1360 sed
935 1302 999 1360 loco
1019 1320 1134 1375 eorum,

116 1411 173 1466 que
197 1395 267 1450 sunt
288 1391 320 1449 in
339 1392 500 1467 clementie,
524 1409 594 1450 usus
618 1394 663 1450 est
686 1391 753 1450 aliis
773 1391 825 1466 ita,
844 1394 879 1450 ut
896 1391 1038 1466 probaret
1055 1390 1132 1468 figu-

115 1498 180 1537 ram
209 1482 287 1540 29⁸¹¹¹
315 1481 426 1556 absque
453 1481 510 1539 hac
536 1481 689 1556 petitione.
738 1480 853 1538 Deinde
880 1499 951 1538 vero
980 1471 1134 1560 probabit
1153 1486 1184 1534 18

77 1581 102 1621 15
115 1569 192 1628 hanc
216 1569 392 1645 petitionem
415 1569 577 1628 seeundum
600 1569 763 1628 sententias
786 1568 902 1627 etuias
926 1568 1134 1646 geometricas,

116 1659 198 1717 euius
222 1659 313 1717 verba
336 1661 406 1717 sunt
428 1658 494 1716 hec:

181 1748 266 1805 Dixit
284 1747 418 1805 Aeduis:
438 1744 516 1814 Quia
534 1746 657 1820 promisi
675 1765 721 1804 me
741 1748 927 1805 ostensurum
945 1745 1035 1804 huius
1054 1747 1132 1822 peti-

114 1836 205 1894 tionis
239 1835 483 1908 declarationem,
517 1844 574 1910 que
608 1837 664 1910 est,
697 1835 790 1910 quod
817 1834 884 1894 due
911 1835 1020 1908 linee,
1053 1853 1134 1893 enm

114 1924 382 1998 protrahuntur
414 1942 523 1998 super
555 1923 641 1982 duos
673 1923 824 2000 angulos
853 1924 989 1983 dnobus
1017 1924 1134 1983 rectis

74 2026 99 2064 20
114 2012 283 2086 minores,
316 2015 545 2086 concurrent,
578 2031 644 2069 eum
675 2012 899 2087 probationibus
932 2013 1133 2091 geometricis,

114 2119 148 2159 eo
173 2101 253 2176 quod
275 2100 416 2175 possibile
440 2104 494 2174 est,
517 2101 649 2176 aliquem
671 2101 883 2177 reprehendere
908 2103 1075 2178 geometras
1098 2102 1131 2159 in

112 2190 176 2264 hoe,
201 2192 231 2248 et
253 2189 362 2247 dicere:
387 2188 483 2258 Quare
503 2190 605 2266 petitis
624 2190 708 2248 nobis
728 2190 856 2265 concedi,
879 2190 959 2265 quod
976 2209 1037 2248 non
1056 2191 1132 2249 satis

112 2282 158 2337 est
180 2278 380 2354 manifestum,
404 2282 434 2337 et
456 2279 503 2337 uti
527 2298 561 2338 eo
580 2279 611 2336 in
629 2279 804 2354 probatione
823 2277 966 2337 alterius?
1007 2279 1131 2338 Faciam

84 2386 182 2443 ‘ergo
209 2367 299 2442 illud,
328 2371 358 2426 et
380 2369 506 2427 fortasse
529 2368 583 2426 hec
606 2368 732 2426 intentio
756 2371 801 2426 est
822 2368 910 2426 valde
933 2387 1052 2445 magna,
1074 2387 1130 2426 nee

72 2468 98 2508 25
112 2459 214 2514 tamen
255 2456 383 2533 indiget,
424 2460 459 2515 ut
499 2451 650 2534 <faciam>
686 2457 808 2533 longam
843 2456 1130 2516 sermocinationem.

111 2544 185 2604 Dico
232 2565 315 2622 ergo,
363 2546 441 2620 quod
482 2565 535 2605 nos
576 2545 737 2603 diffinimus
777 2545 872 2604 lineas
913 2545 1130 2621 equidistantes

111 2634 254 2693 dicentes:
280 2653 338 2692 eas
362 2653 452 2708 esse,
476 2655 542 2710 que
566 2654 642 2693 cum
666 2635 740 2692 sint
761 2634 797 2692 in
820 2653 890 2692 une
913 2635 1130 2710 superficie,

110 2724 324 2798 fuerintque
352 2723 388 2781 in
416 2724 603 2782 infinitum
630 2727 828 2800 protracte,
857 2724 927 2781 erit
956 2725 1130 2799 spatium,

111 2813 204 2888 quod
233 2816 287 2871 est
314 2812 413 2871 inter
441 2831 513 2887 eae,
541 2833 658 2888 unum,
688 2809 765 2890 <et>
794 2815 848 2872 est
875 2813 990 2871 minor
1017 2813 1130 2886 linea,

69 2913 180 2975 eoque
218 2905 272 2960 est
304 2901 400 2959 inter
432 2920 503 2976 eas,
536 2902 632 2960 sieut
664 2902 799 2960 dictum
831 2905 885 2960 est
916 2901 953 2959 in
986 2902 1129 2976 spatiis.
1161 2969 1168 2987 .

110 2987 236 3065 Oportet
269 3008 352 3065 ergo,
384 2992 420 3047 ut
445 2991 503 3048 iste
531 2986 702 3068 <quatuor>
729 2990 823 3067 figure
851 2991 947 3064 primo
979 2990 1131 3049 addantur

110 3078 187 3137 libro
223 3079 436 3137 elementorum
467 3081 536 3154 post
567 3079 696 3156 figuram
730 3081 806 3138 26⁸⁰
840 3079 878 3137 ad
909 3080 977 3154 hoc,
1010 3083 1045 3138 ut
1074 3080 1131 3138 hec

110 3167 207 3244 figura
230 3168 391 3225 reducatur
414 3166 538 3243 adhoc,
561 3171 597 3226 ut
620 3169 659 3227 sit
684 3171 748 3226 27³.

177 3255 213 3314 Si
244 3255 385 3314 fuerint
417 3255 483 3315 due
510 3260 607 3316 recte
636 3257 918 3333 equidistantes,
951 3258 1129 3334 spatium,

181 3466 222 3514 11.
242 3459 358 3529 Aganiz.
388 3492 421 3500 -
451 3467 492 3516 23.
517 3461 559 3515 uti
583 3479 646 3515 eum
665 3479 705 3516 eo.
735 3493 768 3501 -
797 3467 839 3515 28.
860 3462 1072 3531 protrahuntur.
1094 3496 1129 3505 -

108 3537 152 3586 31.
172 3533 246 3586 Loco
264 3533 336 3586 cocis
355 3535 477 3599 quatuor
496 3533 595 3603 Mscpt.
617 3535 745 3588 lacunam
763 3535 848 3588 babet.
