2408 3848
118 152 139 214 2
288 103 291 108 ¹
406 150 571 204 ANARITII
590 149 846 205 COMMENTARII

202 319 382 394 Exemplum
419 319 574 393 subiciam,
611 318 690 393 quod
721 318 761 376 sit
795 317 979 392 huiusmodi,
1016 318 1134 380 seilicet

116 407 198 482 quod
221 407 402 482 superficies,
431 427 489 482 que
511 411 594 466 mota
616 407 689 481 fuit,'
711 408 872 482 antequam
894 410 1045 484 movetur,
1069 409 1133 467 fuit

116 496 285 571 superficies
310 496 464 571 quadrata,
488 515 546 571 que
568 495 603 553 fit
625 495 758 571 superior
780 495 849 553 cubi
871 495 1050 572 superficies
1076 498 1131 573 qui

116 605 151 642 ex
169 589 254 643 motu
272 585 418 659 provenit,
441 589 471 642 et
493 584 534 642 sic
558 583 735 659 superficies,
760 579 827 662 <si>
845 583 946 642 finitus
965 588 1010 643 est
1027 588 1132 646 motus

89 673 297 749 5superficiei,
325 673 393 732 cubi
420 673 549 731 inferior.
596 672 728 742 Quatuor
755 693 825 750 ergo
852 673 942 748 linae,
966 692 1025 747 que
1049 693 1129 735 oom-

115 763 303 838 prehendunt
325 763 517 838 quadratum,
544 763 680 820 fecerunt
710 765 842 838 quatum
868 761 998 836 reliquas
1026 780 1129 838 super·

115 852 204 927 ficieS,
228 871 285 927 que
305 851 560 926 comprehendunt
583 851 698 910 cubum.
744 851 937 909 Declaratum
956 853 1001 909 est
1023 851 1130 929 igitur,

116 941 196 1016 quod
219 958 326 1016 corpus
349 939 480 1015 undique
504 959 522 998 a
550 939 759 1015 superficiebus
782 939 1047 1014 comprehenditur.
1095 939 1130 998 Si

116 1049 186 1107 ergo
206 1047 311 1104 corpus
329 1033 493 1104 moveatur,
511 1028 692 1104 impossibile
707 1032 760 1104 est,
780 1028 860 1104 quod
876 1047 935 1087 non
950 1028 1013 1086 eius
1027 1032 1130 1088 motus

76 1129 102 1169 10
115 1118 155 1177 sit
184 1136 310 1193 sequens
336 1136 429 1175 unam
455 1136 578 1176 suarum
609 1117 842 1193 superficierum,
875 1116 941 1176 ideo
970 1119 1000 1174 et
1030 1117 1063 1175 in
1096 1136 1137 1194 se¹

114 1207 213 1281 ipsum
237 1207 372 1283 augetur,
396 1209 426 1264 et
448 1226 507 1264 non
530 1206 638 1266 accidit
664 1205 864 1283 magnitudini
891 1205 951 1264 alia
974 1205 1129 1266 dimensio.

115 1296 156 1353 Et
178 1295 314 1371 sequitur
336 1296 514 1371 necessario,
541 1296 622 1371 quod
649 1295 689 1353 sit
711 1294 885 1372 magnitudo
909 1293 1137 1354 dimensionum*

115 1385 239 1442 crectis
263 1376 387 1462 angulis,
411 1404 444 1443 eo
468 1385 548 1460 quod
570 1385 609 1442 sit
631 1383 723 1441 finita.
769 1382 859 1441 Linee
886 1401 969 1458 vero,
996 1403 1128 1459 quarum

114 1492 206 1531 unam
228 1491 318 1549 super
340 1474 430 1532 aliam
454 1473 528 1549 erigi
546 1471 684 1547 possibile
707 1475 752 1529 est
774 1490 864 1546 super
886 1475 981 1530 rectos
1000 1473 1129 1549 angulos

74 1571 100 1609 15
114 1565 174 1621 tres
197 1566 317 1622 tantum
339 1566 422 1636 sunt,
450 1562 516 1619 ideo
539 1565 569 1618 et
592 1563 662 1618 sunt
688 1563 748 1618 tres
776 1560 985 1635 dimensioneS,
1013 1560 1128 1621 scilicet

113 1653 282 1730 longitudo,
319 1649 448 1709 latitudo
482 1651 512 1706 et
543 1648 736 1723 profunditas.
792 1648 980 1724 Quapropter
1015 1648 1128 1709 locales

114 1743 206 1800 etiam
229 1739 423 1798 dimensiones
442 1737 555 1794 fuerint
571 1740 641 1811 treS,
664 1737 776 1796 scilicet
795 1756 947 1804 asursum
965 1737 997 1794 in
1015 1737 1125 1814 iusum,

114 1849 132 1887 a
155 1827 312 1886 dextram
336 1827 495 1899 sinistram,
518 1826 555 1884 ab
579 1826 720 1885 anteriori
743 1826 781 1884 ad
803 1827 958 1902 posterius.

202 1916 286 1974 Dixit
304 1917 461 1990 propterea
476 1914 718 1974 Sanannrcmus:
741 1915 890 1974 Punctum
908 1915 973 1974 ideo
988 1916 1127 1993 negando

74 2013 100 2052 2⁰
114 2006 273 2065 Eudamus
296 2004 451 2079 diffinivit,
478 2003 672 2063 diminutione
695 2004 860 2080 superficiei
888 2023 1066 2080 acorpore‚
1095 2008 1127 2064 et

114 2093 310 2152 diminutione
338 2093 415 2151 linee
443 2112 461 2151 a
488 2092 655 2168 superficie,
688 2096 718 2151 et
749 2093 943 2152 diminutione
975 2094 1079 2168 puncti
1107 2112 1128 2152 e

113 2185 201 2242 linea.
257 2181 331 2240 Cum
363 2201 433 2258 ergo
466 2200 571 2256 corpus
609 2182 648 2240 sit
684 2185 744 2240 tres
776 2181 887 2240 habens
919 2182 1126 2258 dimensiones„

113 2274 241 2348 punctus
260 2271 425 2330 necessario
444 2271 559 2328 nullam
577 2289 680 2328 earum
697 2270 795 2346 habet,
818 2290 872 2330 nec
890 2270 980 2329 habet
998 2274 1125 2346 partem.

201 2360 281 2418 Vera
309 2360 388 2418 enim
411 2378 512 2436 causa,
543 2359 580 2418 ob
608 2378 698 2434 quam
725 2360 860 2437 negando
889 2359 1041 2434 diffinivit,
1069 2364 1126 2436 est,

73 2455 99 2495 25
113 2450 184 2525 quia
203 2465 292 2507 causa
311 2449 527 2507 dimensionum
544 2449 643 2524 ipsum
662 2451 714 2524 est,
734 2451 764 2506 et
783 2451 909 2524 oportet,
932 2448 1013 2524 quod
1032 2465 1127 2513 causa

112 2539 151 2596 sit
173 2537 268 2614 magis
292 2538 460 2612 propinqua
483 2537 607 2613 adhoc,
630 2541 666 2595 ut
687 2557 747 2597 non
766 2537 936 2595 dimittatur
960 2537 1126 2613 quantitas,

111 2647 145 2687 eo
161 2627 240 2703 quod
253 2627 319 2702 ipsa
334 2627 374 2684 sit
391 2627 486 2704 magis
507 2627 675 2702 propinqua
693 2626 754 2702 uni,
774 2627 826 2702 qui
845 2629 890 2684 est
908 2644 998 2684 causa
1016 2625 1123 2686 tocius.

110 2717 150 2774 Et
174 2716 245 2791 quia
268 2734 314 2774 res
337 2715 432 2792 magis
457 2715 581 2790 simplex
608 2716 653 2773 est
680 2733 768 2774 causa
797 2715 873 2790 eius,
901 2715 954 2789 qui
982 2718 1027 2773 est
1053 2718 1126 2790 post

110 2806 215 2880 ipsam,
240 2822 306 2862 oum
328 2804 442 2861 fuerint
465 2803 550 2862 ambo
574 2804 663 2863 unius
687 2803 816 2881 genoriS,
844 2803 957 2862 seilicet
978 2802 1124 2863 habentes

70 2909 97 2948 eo
111 2894 211 2967 situm,
233 2893 299 2951 ideo
322 2895 476 2968 punctum,
501 2892 581 2968 quod
602 2893 635 2950 in
656 2894 736 2951 linea
759 2896 815 2967 est,
838 2892 1017 2967 intenditur,
1041 2893 1125 2967 quod

112 2986 157 3040 est
179 2983 257 3041 siout
279 2981 358 3056 finis,
382 2981 462 3057 quod
485 2982 603 3057 proprie
626 2984 774 3059 geometre
802 2981 907 3040 sciunt.
958 2981 998 3039 Et
1024 2981 1123 3058 magis

111 3071 236 3146 simplex
259 3089 349 3145 quam
371 3071 450 3129 linea
473 3089 589 3130 necesse
611 3071 702 3128 habet
728 3073 857 3146 partem,
885 3070 976 3129 donec
1005 3069 1123 3145 adhoc

110 3160 270 3238 deductum
293 3159 339 3234 sit,
362 3163 479 3219 utnon
503 3160 666 3232 dividatur3
695 3162 725 3217 et
748 3159 884 3218 similiter
906 3159 997 3217 etiam
1019 3158 1123 3218 unitas

111 3249 239 3323 complet
265 3252 325 3306 tres
354 3268 389 3307 ex
416 3268 449 3307 eo
478 3267 496 3307 a
523 3248 626 3307 tribus.
675 3248 824 3307 Punctum
850 3266 934 3323 vero,
968 3247 1048 3322 quod
1076 3251 1123 3306 est

70 3351 97 3391 aa
112 3355 202 3396 causa
220 3337 305 3412 linee,
325 3357 359 3396 eo
374 3337 454 3413 quod
469 3337 508 3396 sit
526 3336 681 3396 sublimius
701 3340 731 3395 et
749 3337 912 3412 simplicius
931 3334 1121 3395 dimensioni-

183 3529 224 3580 10.
241 3524 360 3577 duarum
375 3522 588 3592 superficierum.
608 3555 643 3564 -
662 3528 703 3580 18.
720 3523 840 3578 sinistra.
856 3556 889 3565 —
907 3528 948 3578 31.
965 3486 1120 3579 Geometre.
