2408 3848
114 139 155 204 16
398 136 564 194 ANARITII
582 135 838 193 comasius

180 307 276 383 Supra
294 307 350 367 hoc
368 305 599 367 Sananmcmus
608 299 646 384 1):
673 307 742 365 Non
760 308 827 366 vult
849 306 945 366 dicere
964 305 1129 368 uncinias

113 395 261 471 absolute,
294 395 374 473 quod
404 396 549 455 terminus
580 393 616 454 fit
645 395 712 453 finis
740 395 896 454 cuiuslibet
922 395 979 470 rei,
1012 396 1129 456 scilicet

112 485 210 542 noluit
232 486 328 544 dicore
350 485 383 543 in
404 485 460 544 hoc
482 485 547 544 loco
567 485 603 542 de
621 473 740 560 puncto,
764 485 815 543 sed
833 484 931 544 voluit
949 485 1046 544 dicere
1064 489 1127 544 tor·

112 573 234 649 minum,
258 574 338 650 quod
361 574 468 633 dividit
491 591 583 632 unam
600 589 663 631 rem
681 573 719 631 ab
738 573 805 648 alia,
829 574 883 649 qui
901 573 942 632 sit
960 574 1127 650 quantitas,

85 665 256 737 opunctum
282 682 353 723 vcro
380 662 508 721 termini.
560 662 601 720 Et
628 662 671 721 sic
699 665 729 720 et
755 663 831 721 hanc
858 664 991 722 nostram
1019 662 1127 722 distin·

112 751 240 809 ctionem
262 752 417 810 confimat
439 751 522 827 illud,
546 750 626 827 quod
648 751 725 809 dixit
746 750 905 810 Eooamns
928 754 999 826 post
1018 751 1082 810 hoa.

178 840 261 899 Dixit
284 841 456 900 Encamns:
480 840 595 914 Fipurc
618 844 667 915 cst,
689 857 744 914 quc
764 841 883 899 tcum
904 835 909 918 1
928 841 974 898 oct
992 843 1126 900 monitis
1146 846 1178 895 10

112 931 365 1003 comprehendimur.

180 1017 278 1094 Supra
305 1019 360 1077 hoc
389 1011 631 1077 Smuato'fflus:
659 1017 724 1075 Iam
749 1017 933 1075 declaratum
956 1019 1014 1092 est,
1043 1018 1128 1093 quod

72 1119 99 1159 io
113 1123 148 1164 ex
184 1107 361 1166 necessitate
392 1106 479 1165 debet
509 1105 617 1166 habere
650 1106 863 1182 quantitatem,
899 1105 1013 1164 scilieet
1044 1107 1128 1182 quod

112 1197 256 1270 puuctum
282 1214 341 1254 non
369 1195 590 1271 comprehendit
616 1194 756 1272 figuram,
786 1213 882 1270 neque
911 1212 1005 1252 unum
1027 1212 1129 1271 nequo

112 1284 213 1359 plura,
255 1285 397 1360 quoniam
433 1285 532 1360 ipsum
564 1288 646 1343 carot
677 1283 866 1343 dimensione.
925 1281 989 1341 Hoc
1020 1287 1126 1343 autem

113 1370 253 1434 diffinitio
282 1373 643 1452 comprehcnditfignras
671 1372 869 1448 superficiales
893 1374 924 1430 et
946 1373 1127 1449 corporales,

113 1480 205 1537 ecque
229 1467 299 1522 sunt
321 1463 469 1540 simplices
492 1467 523 1521 et
548 1462 717 1537 composite.
758 1460 951 1519 Manifestum
974 1464 1020 1519 est
1043 1477 1125 1538 ergo,

73 1562 100 1602 1⁵
115 1551 195 1626 quod
222 1552 361 1628 possibile
390 1555 447 1627 ost,
475 1553 511 1609 ut
537 1550 578 1608 sit
604 1550 714 1626 figura,
744 1567 833 1625 quam
860 1566 921 1607 una
942 1549 1023 1607 linea
1045 1567 1127 1610 come

112 1641 268 1718 prehendit
291 1641 473 1713 circonflexa,
499 1642 553 1696 aut
577 1638 634 1696 due
658 1638 825 1714 superficies
849 1637 1030 1697 circonflexo.
1078 1639 1125 1698 Si·

112 1727 223 1788 militer
247 1749 367 1806 quoque
389 1727 531 1804 possibile
550 1730 604 1802 est,
627 1729 665 1793 ut
683 1744 773 1784 unam
791 1747 855 1785 rem
874 1726 1127 1802 comprehendant

114 1819 268 1892 quantitas
291 1821 373 1877 recta
395 1819 426 1875 et
449 1815 603 1890 quantitas
626 1815 814 1890 circonflexa‚
839 1834 895 1891 que
919 1817 1045 1891 utreque
1068 1820 1127 1876 aut

113 1909 200 1964 erunt
231 1906 309 1964 lineo
339 1909 392 1964 aut
419 1902 596 1980 superficies.
649 1903 707 1962 Sed
735 1904 938 1980 quantitatum
966 1907 1125 1981 rectarum,

73 2006 99 2046 so
113 1994 174 2052 sive
202 1995 263 2052 sint
288 1994 378 2069 linee,
407 1993 469 2052 sive
496 1993 557 2051 sint
584 1992 766 2069 superficies,
793 2012 853 2052 uon
881 1993 1034 2053 continent
1061 2010 1125 2053 una

113 2101 217 2141 carum
244 2073 305 2142 sive
332 2083 388 2142 due
410 2082 544 2160 figuram,
569 2085 599 2140 et
620 2081 787 2158 pauciores,
817 2100 891 2157 quas
914 2081 1057 2157 possibile
1078 2086 1125 2142 est

113 2171 358 2246 comprehendere
376 2171 512 2249 figuram,
534 2175 604 2229 sunt
621 2175 690 2230 tres.
731 2172 772 2230 Et
790 2173 835 2229 cst
854 2170 1013 2246 sciendum,
1034 2171 1124 2247 quod,

114 2279 180 2319 oum
203 2261 328 2319 dicimus
352 2258 565 2338 ,‚iiguram“,
588 2279 648 2318 non
666 2259 860 2337 intelligimus
879 2263 998 2318 tantum
1018 2259 1123 2336 lineas,

114 2367 172 2424 que
204 2349 455 2425 comprehendunt
482 2348 678 2424 superficiem,
711 2349 762 2407 sed
789 2349 926 2409 volumus
954 2347 1124 2425 intelligere

75 2450 101 2489 2⁵
115 2437 209 2496 lineas
237 2439 326 2496 simul
354 2456 422 2497 cum
445 2456 492 2512 eo,
516 2437 596 2512 quod
618 2437 681 2514 ipse
705 2430 965 2513 compiehendunt,
989 2439 1020 2496 et
1043 2438 1126 2496 simi-

117 2525 187 2584 liter
210 2527 300 2585 etiam
323 2528 356 2585 in
379 2526 558 2602 corporibus.

179 2615 264 2674 Dixit
286 2616 458 2675 ducamus:
483 2613 617 2674 Oiruclus
640 2619 682 2674 cst
701 2617 800 2689 fipufrc
816 2616 929 2687 plum,
953 2632 1041 2701 quam
1063 2633 1129 2675 outo

115 2705 193 2763 tinec
210 2706 427 2778 comprehendit,
450 2706 490 2764 od
508 2722 596 2778 quom
614 2721 711 2762 murteo
729 2705 802 2763 linco
821 2704 857 2762 ob
871 2720 931 2762 uoco
939 2707 1128 2776 punctorum,

114 2810 168 2866 quc
189 2798 259 2852 suut
279 2796 312 2852 iu
331 2811 372 2863 cc,
390 2797 538 2867 protracte
556 2797 625 2852 sunt
643 2794 765 2867 equulos,
792 2793 868 2866 quod
880 2796 1025 2865 paucum
1042 2809 1131 2852 occu*

75 2894 102 2934 8⁰
116 2885 164 2955 tud
187 2887 322 2941 centrum.

182 2970 279 3046 Supra
302 2972 357 3030 hoc
374 2972 623 3030 Sauanmcsms:
648 2969 724 3039 Quia
747 2969 907 3050 Eocnmns
930 2969 1026 3028 voluit
1050 2968 1128 3028 diffi-

113 3058 178 3116 nire
202 3060 313 3135 species
335 3061 437 3138 figure,
460 3060 567 3135 incipit
590 3079 608 3117 a
627 3059 808 3135 simpliciori,
827 3078 883 3133 que
908 3061 953 3116 ost
972 3066 1015 3133 ea',
1035 3077 1129 3139 quam

56 3210 62 3223 ,
114 3167 175 3205 una
195 3149 416 3224 comprehendit
434 3149 513 3207 linea
533 3169 567 3206 ex
585 3148 777 3222 simplicibus.
813 3146 1012 3206 Inveniuntur
1024 3150 1129 3206 tamen

186 3305 209 3353 3.
229 3300 320 3354 noluit
334 3299 437 3371 dicere]
456 3315 491 3353 ne
507 3297 566 3352 cuit
580 3297 680 3353 dicere.
701 3331 734 3338 -
755 3304 795 3352 19.
816 3297 871 3352 Sed
889 3297 1076 3366 quantitates.
1093 3331 1128 3340 —

115 3374 157 3423 25.
178 3370 272 3443 simul]
292 3370 428 3426 similiter.

118 3464 329 3472 ---—-—-

187 3514 213 3582 1)
231 3513 355 3567 Paocnos
375 3519 435 3582 136,
455 3517 531 3566 2-8.
