2408 3848
122 159 190 224 232
412 157 578 212 ANARITII
596 157 851 213 COMMENTARII

124 331 235 403 cantes,
258 328 372 387 scilicet
388 327 485 386 latera
502 329 538 386 tt
556 329 586 386 et
604 329 648 402 la,
671 331 703 386 et
720 329 801 403 quod
820 327 1036 405 orthogonium,
1056 327 1141 402 quod

125 419 295 478 continetur
318 436 337 475 a
360 417 475 475 duabus
497 416 584 475 lineis
603 417 647 491 at,
670 418 706 475 la
733 420 779 476 est
801 418 906 492 equale
930 417 1078 492 quadrato
1103 419 1141 474 tl.

126 505 184 565 Sed
207 506 424 583 orthogonium,
449 505 529 581 quod
552 505 721 564 continetur
743 524 762 563 a
784 506 872 564 lineis
894 507 937 579 at,
956 507 992 563 la
1014 508 1067 562 aut
1092 509 1141 564 est

124 595 272 654 rationale
291 598 345 653 aut
362 594 498 668 mediate,
521 613 591 672 ergo
610 594 791 670 quadratum
804 596 830 653 tl
852 598 908 652 aut
925 597 974 653 est
987 595 1140 653 rationale
1183 614 1187 635 ⁴

98 688 180 743 saut
201 683 341 758 mediale3
365 687 396 742 et
417 683 495 741 illud
518 686 571 758 est,
595 683 675 758 quod
698 683 899 742 demonstrare
922 683 1081 742 voluimus.

213 773 278 831 Iam
307 772 489 832 ostendimus
516 772 548 829 in
570 771 668 848 figura
695 772 973 848 septimadecima,
1005 772 1144 847 qualiter

124 863 302 937 inveniatur,
327 861 406 937 quod
429 861 485 919 due
503 861 581 919 lineo
604 861 665 919 sint
682 861 844 920 rationales
864 862 896 919 in
914 861 1051 936 potentia
1069 864 1139 919 tan-

124 954 192 1010 tum
215 954 245 1010 et
268 951 452 1010 continentes
475 949 661 1026 superficiem
678 951 868 1009 rationalem:
893 969 961 1027 ergo
981 949 1037 1006 due
1057 950 1139 1008 linee

125 1041 169 1113 at,
188 1041 224 1097 lo
247 1042 300 1098 aut
319 1040 471 1098 continent
494 1037 678 1115 superficiem
699 1039 857 1098 medialem
876 1042 930 1097 aut
946 1037 1141 1114 rationalem,

86 1139 113 1180 1⁰
128 1127 290 1187 secundum
313 1129 392 1204 quod
415 1128 490 1186 dixit
512 1128 680 1186 Eucamas.

214 1208 463 1298 anonumum)
490 1216 591 1292 inquit
617 1215 728 1292 minor,
759 1235 852 1292 quare
880 1217 1052 1275 Anamares
1080 1217 1141 1276 hoc

127 1305 279 1381 apposuit,
311 1325 378 1364 cum
403 1306 436 1363 in
461 1305 538 1364 libro
562 1305 712 1364 Eccamrs
740 1325 890 1381 nusquam
918 1308 1144 1381 comparantur,

127 1394 240 1453 scilicet
262 1413 329 1453 cum
351 1394 435 1468 dixit,
458 1394 538 1470 quod
560 1395 617 1452 due
637 1394 714 1453 linee
732 1396 767 1452 ht
785 1397 815 1453 et
834 1396 869 1454 la
887 1398 956 1453 sunt
973 1394 1143 1454 rationales

127 1485 157 1541 et
180 1484 429 1543 communicantes
452 1484 484 1541 in
506 1482 641 1559 potentia
663 1485 796 1558 tantum,
824 1486 855 1542 et
880 1483 959 1559 quod
981 1483 1044 1558 ipse
1069 1502 1141 1542 con·

84 1581 111 1622 15
124 1572 222 1631 tinent
248 1573 414 1631 mediatem.
463 1571 531 1647 Ipse
558 1591 628 1631 vero
655 1592 716 1631 non
743 1575 812 1631 sunt
839 1572 897 1631 nisi
919 1572 1082 1630 rationales
1108 1573 1142 1631 in

124 1662 262 1737 potentia
279 1665 398 1720 tantum
417 1663 447 1719 et
466 1660 715 1719 communicantes
733 1661 765 1719 in
783 1661 978 1738 longitudine,
994 1660 1142 1736 quoniam

125 1750 293 1826 superficies
319 1754 352 1810 at
374 1752 418 1807 est
442 1749 555 1823 equalis
579 1749 725 1823 quadrato
749 1751 804 1824 td,
832 1753 862 1808 et
888 1749 1059 1825 superficies
1082 1769 1142 1808 mu

125 1842 171 1896 est
194 1838 307 1913 equalis
331 1837 478 1912 quadrato
500 1855 547 1910 ge.
594 1836 652 1894 Sed
675 1838 717 1896 bd
745 1839 944 1898 communicat
965 1856 1016 1913 ge,
1044 1857 1141 1913 quon-

124 1926 185 1983 iam
218 1926 275 1982 due
307 1925 384 1983 linee
408 1927 463 2000 ab,
492 1943 534 1999 op
550 1910 632 1984 'sunt
659 1926 907 1986 communicantes
934 1928 966 1985 in
993 1928 1145 2002 potentia,

84 2026 112 2065 20
126 2014 204 2072 sicut
225 2014 289 2089 ipse
312 2014 414 2089 posuit
436 2031 499 2072 eas:
523 2033 592 2091 ergo
615 2017 647 2074 at
669 2015 867 2074 communicat
889 2034 952 2074 ma.
1001 2017 1082 2092 Ergo
1104 2017 1143 2074 at

125 2102 325 2161 communicat
346 2104 395 2178 al,
419 2121 488 2180 ergo
509 2099 558 2178 tt,
575 2104 612 2161 al
634 2105 704 2161 sunt
722 2105 973 2163 communicantes
990 2104 1023 2161 in
1041 2105 1141 2182 longi-

124 2191 241 2265 tudine,
272 2192 325 2251 sed
351 2192 382 2250 in
414 2192 549 2267 potentia
581 2195 651 2251 sunt
681 2192 852 2252 rationales.
899 2191 1008 2252 Omnes
1036 2196 1142 2252 autem

125 2281 182 2339 due
204 2281 281 2340 linee
307 2281 340 2340 in
362 2281 498 2357 potentia
520 2284 639 2340 tantum
660 2281 823 2342 rationales
847 2282 928 2341 etin
949 2281 1142 2359 longitudine

125 2371 375 2430 communicantes
399 2370 551 2429 continent
570 2370 755 2446 superficiem
777 2371 962 2430 rationalem.
1000 2371 1142 2446 Exempli

84 2467 112 2507 2⁶
125 2476 214 2517 causa
227 2477 345 2534 ponam,
368 2461 403 2517 ut
421 2459 499 2517 linee
518 2461 568 2534 ab,

126 2565 169 2620 ag
195 2547 256 2606 sint
277 2547 438 2606 rationales
462 2548 494 2605 in
516 2567 568 2623 po·
603 2505 1144 2582 L-——q—-d

124 2636 221 2694 tentia
229 2639 349 2695 tantum
358 2636 568 2713 etinlongitu-

125 2723 193 2782 dine
212 2726 475 2785 communicantes:
503 2724 568 2785 dico

124 2813 225 2889 igitur,
247 2814 327 2889 quod
345 2814 514 2890 superficies
529 2815 569 2888 bg

84 2912 112 2952 3⁰
126 2905 171 2960 est
201 2903 366 2962 rationalis.
426 2902 568 2962 Probatio

125 2990 196 3048 eius.
230 2990 376 3060 Quoniam
390 2992 569 3051 constituam
605 3009 1140 3072 ——ss-g-m*

197 3202 220 3250 2.
240 3197 282 3262 tt,
301 3198 347 3250 bo.
367 3226 400 3235 -
420 3201 443 3250 3.
463 3198 505 3263 th,
523 3197 620 3250 bo.-
639 3201 716 3250 7-8.
735 3197 865 3339 tantum&
878 3199 1033 3252 tarseu-
1053 3196 1137 3266 stt,

124 3268 671 3336 ba.-12.unusquamcomparant.
695 3298 729 3307 -
757 3273 799 3320 21.
819 3285 839 3321 a
886 3269 931 3322 ba.
956 3300 991 3308 —
1020 3273 1136 3325 25-31.

125 3338 263 3410 Ftyeuam
280 3338 386 3393 addidi.

124 3456 173 3464 e..—

197 3535 222 3601 1)
243 3531 309 3597 Quis
330 3533 366 3587 sit
384 3533 578 3603 Dmcnssnms,
599 3532 746 3590 nescimus
