<?xml version="1.0" encoding="UTF-8"?>
<!DOCTYPE html PUBLIC "-//W3C//DTD XHTML 1.0 Transitional//EN"
    "http://www.w3.org/TR/xhtml1/DTD/xhtml1-transitional.dtd">
<html xmlns="http://www.w3.org/1999/xhtml" xml:lang="en" lang="en">
 <head>
  <title>
</title>
<meta http-equiv="Content-Type" content="text/html;charset=utf-8" />
  <meta name='ocr-system' content='tesseract 3.04.00' />
  <meta name='ocr-capabilities' content='ocr_page ocr_carea ocr_par ocr_line ocrx_word'/>
</head>
<body>
  <div class='ocr_page' id='page_1' title='image "./euclidisoperaom18unkngoog/euclidisoperaom18unkngoog_0316.png"; bbox 0 0 2408 3848; ppageno 0'>
   <div class='ocr_carea' id='block_1_1' title="bbox 289 151 1093 215">
    <p class='ocr_par' dir='ltr' id='par_1_1' title="bbox 289 151 1093 215">
     <span class='ocr_line' id='line_1_1' title="bbox 289 151 1093 215; baseline 0.016 -13"><span class='ocrx_word' id='word_1_1' title='bbox 289 181 297 192; x_wconf 26' lang='grc' dir='ltr'><strong>-κ</strong></span> <span class='ocrx_word' id='word_1_2' title='bbox 393 151 443 206; x_wconf 89' lang='lat' dir='ltr'><strong>AD</strong></span> <span class='ocrx_word' id='word_1_3' title='bbox 462 151 648 206; x_wconf 79' lang='lat' dir='ltr'>EUCLIDEM</span> <span class='ocrx_word' id='word_1_4' title='bbox 665 151 732 206; x_wconf 91' lang='lat' dir='ltr'><strong>LIB.</strong></span> <span class='ocrx_word' id='word_1_5' title='bbox 747 151 780 205; x_wconf 90' lang='lat' dir='ltr'><strong>X.</strong></span> <span class='ocrx_word' id='word_1_6' title='bbox 1028 151 1093 215; x_wconf 75' lang='grc'><strong>279</strong></span> 
     </span>
    </p>
   </div>
   <div class='ocr_carea' id='block_1_2' title="bbox 73 319 1165 2879">
    <p class='ocr_par' dir='ltr' id='par_1_2' title="bbox 73 319 1165 2879">
     <span class='ocr_line' id='line_1_2' title="bbox 80 319 1093 396; baseline 0.001 -19"><span class='ocrx_word' id='word_1_7' title='bbox 80 320 168 378; x_wconf 89' lang='lat' dir='ltr'><strong>lateri</strong></span> <span class='ocrx_word' id='word_1_8' title='bbox 198 321 253 394; x_wconf 81' lang='lat' dir='ltr'><strong>ab,</strong></span> <span class='ocrx_word' id='word_1_9' title='bbox 282 339 339 395; x_wconf 90' lang='lat' dir='ltr'><strong>que</strong></span> <span class='ocrx_word' id='word_1_10' title='bbox 368 319 407 378; x_wconf 91' lang='lat' dir='ltr'><strong>sit</strong></span> <span class='ocrx_word' id='word_1_11' title='bbox 435 338 482 395; x_wconf 77' lang='lat' dir='ltr'><strong>er,</strong></span> <span class='ocrx_word' id='word_1_12' title='bbox 515 339 605 396; x_wconf 87' lang='lat' dir='ltr'><strong>supra</strong></span> <span class='ocrx_word' id='word_1_13' title='bbox 636 339 726 396; x_wconf 89' lang='lat' dir='ltr'><strong>quam</strong></span> <span class='ocrx_word' id='word_1_14' title='bbox 758 319 976 378; x_wconf 84' lang='lat' dir='ltr'><strong>oiroumduoam</strong></span> <span class='ocrx_word' id='word_1_15' title='bbox 1007 320 1093 378; x_wconf 90' lang='lat' dir='ltr'><strong>semi-</strong></span> 
     </span>
     <span class='ocr_line' id='line_1_3' title="bbox 79 407 1094 485; baseline 0 -19"><span class='ocrx_word' id='word_1_16' title='bbox 79 409 224 471; x_wconf 86' lang='lat' dir='ltr'><strong>oirouluur</strong></span> <span class='ocrx_word' id='word_1_17' title='bbox 250 410 317 468; x_wconf 77' lang='lat' dir='ltr'><strong>ree.</strong></span> <span class='ocrx_word' id='word_1_18' title='bbox 369 407 453 478; x_wconf 80' lang='lat' dir='ltr'><strong>Quod</strong></span> <span class='ocrx_word' id='word_1_19' title='bbox 484 410 656 485; x_wconf 77' lang='lat' dir='ltr'><strong>protraham</strong></span> <span class='ocrx_word' id='word_1_20' title='bbox 688 427 706 467; x_wconf 82' lang='lat' dir='ltr'><strong>a</strong></span> <span class='ocrx_word' id='word_1_21' title='bbox 735 410 846 484; x_wconf 82' lang='lat' dir='ltr'><strong>puncto</strong></span> <span class='ocrx_word' id='word_1_22' title='bbox 873 427 889 467; x_wconf 75' lang='lat' dir='ltr'><strong>a</strong></span> <span class='ocrx_word' id='word_1_23' title='bbox 916 409 1027 466; x_wconf 84' lang='lat' dir='ltr'><strong>lineam</strong></span> <span class='ocrx_word' id='word_1_24' title='bbox 1054 409 1094 467; x_wconf 81' lang='lat' dir='ltr'><strong>ad</strong></span> 
     </span>
     <span class='ocr_line' id='line_1_4' title="bbox 79 497 1093 574; baseline -0.001 -19"><span class='ocrx_word' id='word_1_25' title='bbox 79 517 184 556; x_wconf 83' lang='lat' dir='ltr'><strong>areum</strong></span> <span class='ocrx_word' id='word_1_26' title='bbox 217 499 353 572; x_wconf 78' lang='lat' dir='ltr'>equalem</span> <span class='ocrx_word' id='word_1_27' title='bbox 380 497 468 556; x_wconf 87' lang='lat' dir='ltr'><strong>lateri</strong></span> <span class='ocrx_word' id='word_1_28' title='bbox 492 499 549 572; x_wconf 66' lang='lat' dir='ltr'><strong>qd,</strong></span> <span class='ocrx_word' id='word_1_29' title='bbox 578 517 636 573; x_wconf 93' lang='lat' dir='ltr'><strong>que</strong></span> <span class='ocrx_word' id='word_1_30' title='bbox 664 497 704 557; x_wconf 87' lang='lat' dir='ltr'><strong>sit</strong></span> <span class='ocrx_word' id='word_1_31' title='bbox 729 498 781 573; x_wconf 71' lang='lat' dir='ltr'><strong>ab,</strong></span> <span class='ocrx_word' id='word_1_32' title='bbox 809 500 840 555; x_wconf 90' lang='lat' dir='ltr'><strong>et</strong></span> <span class='ocrx_word' id='word_1_33' title='bbox 868 497 1047 574; x_wconf 79' lang='lat' dir='ltr'><strong>coniungam</strong></span> <span class='ocrx_word' id='word_1_34' title='bbox 1073 499 1093 555; x_wconf 84' lang='lat' dir='ltr'><strong>b</strong></span> 
     </span>
     <span class='ocr_line' id='line_1_5' title="bbox 83 585 1092 663; baseline 0.002 -19"><span class='ocrx_word' id='word_1_35' title='bbox 83 605 199 645; x_wconf 84' lang='lat' dir='ltr'><strong>eume:</strong></span> <span class='ocrx_word' id='word_1_36' title='bbox 228 605 298 663; x_wconf 84' lang='lat' dir='ltr'><strong>ergo</strong></span> <span class='ocrx_word' id='word_1_37' title='bbox 327 586 507 662; x_wconf 84' lang='lat' dir='ltr'><strong>quadratum</strong></span> <span class='ocrx_word' id='word_1_38' title='bbox 535 605 569 646; x_wconf 77' lang='lat' dir='ltr'><strong>ee</strong></span> <span class='ocrx_word' id='word_1_39' title='bbox 597 591 642 646; x_wconf 87' lang='lat' dir='ltr'><strong>est</strong></span> <span class='ocrx_word' id='word_1_40' title='bbox 670 587 776 663; x_wconf 86' lang='lat' dir='ltr'><strong>equale</strong></span> <span class='ocrx_word' id='word_1_41' title='bbox 799 585 914 645; x_wconf 88' lang='lat' dir='ltr'><strong>duobus</strong></span> <span class='ocrx_word' id='word_1_42' title='bbox 937 586 1092 662; x_wconf 87' lang='lat' dir='ltr'><strong>quadratis</strong></span> 
     </span>
     <span class='ocr_line' id='line_1_6' title="bbox 81 674 1134 751; baseline -0.001 -16"><span class='ocrx_word' id='word_1_43' title='bbox 81 677 132 750; x_wconf 74' lang='lat' dir='ltr'><strong>ab,</strong></span> <span class='ocrx_word' id='word_1_44' title='bbox 155 677 201 734; x_wconf 82' lang='lat' dir='ltr'><strong>be.</strong></span> <span class='ocrx_word' id='word_1_45' title='bbox 249 674 306 733; x_wconf 80' lang='lat' dir='ltr'><strong>Sed</strong></span> <span class='ocrx_word' id='word_1_46' title='bbox 334 675 514 750; x_wconf 84' lang='lat' dir='ltr'><strong>quadratum</strong></span> <span class='ocrx_word' id='word_1_47' title='bbox 542 693 577 735; x_wconf 78' lang='lat' dir='ltr'><strong>ee</strong></span> <span class='ocrx_word' id='word_1_48' title='bbox 602 678 648 734; x_wconf 87' lang='lat' dir='ltr'><strong>est</strong></span> <span class='ocrx_word' id='word_1_49' title='bbox 675 676 779 751; x_wconf 88' lang='lat' dir='ltr'><strong>equale</strong></span> <span class='ocrx_word' id='word_1_50' title='bbox 807 674 955 750; x_wconf 88' lang='lat' dir='ltr'><strong>quadrato</strong></span> <span class='ocrx_word' id='word_1_51' title='bbox 979 677 1033 751; x_wconf 84' lang='lat' dir='ltr'><strong>ab,</strong></span> <span class='ocrx_word' id='word_1_52' title='bbox 1063 678 1093 734; x_wconf 85' lang='lat' dir='ltr'><strong>et</strong></span> <span class='ocrx_word' id='word_1_53' title='bbox 1119 687 1134 726; x_wconf 78' lang='lat'>⁵</span> 
     </span>
     <span class='ocr_line' id='line_1_7' title="bbox 85 764 1093 841; baseline 0.003 -21"><span class='ocrx_word' id='word_1_54' title='bbox 85 764 266 838; x_wconf 85' lang='lat' dir='ltr'><strong>quadratum</strong></span> <span class='ocrx_word' id='word_1_55' title='bbox 288 765 328 824; x_wconf 70' lang='lat' dir='ltr'><strong>ab</strong></span> <span class='ocrx_word' id='word_1_56' title='bbox 351 767 397 822; x_wconf 86' lang='lat' dir='ltr'><strong>est</strong></span> <span class='ocrx_word' id='word_1_57' title='bbox 419 765 523 839; x_wconf 88' lang='lat' dir='ltr'><strong>equale</strong></span> <span class='ocrx_word' id='word_1_58' title='bbox 548 764 694 840; x_wconf 87' lang='lat' dir='ltr'><strong>quadrato</strong></span> <span class='ocrx_word' id='word_1_59' title='bbox 715 765 772 838; x_wconf 72' lang='lat' dir='ltr'><strong>qd:</strong></span> <span class='ocrx_word' id='word_1_60' title='bbox 794 766 929 822; x_wconf 84' lang='lat' dir='ltr'><strong>remanet</strong></span> <span class='ocrx_word' id='word_1_61' title='bbox 951 783 1031 841; x_wconf 80' lang='lat' dir='ltr'><strong>erge,</strong></span> <span class='ocrx_word' id='word_1_62' title='bbox 1059 767 1093 823; x_wconf 90' lang='lat' dir='ltr'><strong>ut</strong></span> 
     </span>
     <span class='ocr_line' id='line_1_8' title="bbox 81 852 1165 928; baseline 0.003 -19"><span class='ocrx_word' id='word_1_63' title='bbox 81 853 262 927; x_wconf 78' lang='lat' dir='ltr'><strong>quadratum</strong></span> <span class='ocrx_word' id='word_1_64' title='bbox 290 854 326 911; x_wconf 81' lang='lat' dir='ltr'><strong>eb</strong></span> <span class='ocrx_word' id='word_1_65' title='bbox 353 853 393 912; x_wconf 90' lang='lat' dir='ltr'><strong>sit</strong></span> <span class='ocrx_word' id='word_1_66' title='bbox 421 853 527 928; x_wconf 87' lang='lat' dir='ltr'><strong>equale</strong></span> <span class='ocrx_word' id='word_1_67' title='bbox 555 853 718 928; x_wconf 82' lang='lat' dir='ltr'><strong>superfluo,</strong></span> <span class='ocrx_word' id='word_1_68' title='bbox 747 852 828 928; x_wconf 90' lang='lat' dir='ltr'><strong>quod</strong></span> <span class='ocrx_word' id='word_1_69' title='bbox 855 856 900 911; x_wconf 87' lang='lat' dir='ltr'><strong>est</strong></span> <span class='ocrx_word' id='word_1_70' title='bbox 926 853 1005 912; x_wconf 88' lang='lat' dir='ltr'><strong>inter</strong></span> <span class='ocrx_word' id='word_1_71' title='bbox 1033 853 1092 912; x_wconf 87' lang='lat' dir='ltr'><strong>duo</strong></span> <span class='ocrx_word' id='word_1_72' title='bbox 1164 888 1165 891; x_wconf 61' lang='lat'><em>=</em></span> 
     </span>
     <span class='ocr_line' id='line_1_9' title="bbox 82 941 1092 1019; baseline 0.004 -22"><span class='ocrx_word' id='word_1_73' title='bbox 82 941 236 1016; x_wconf 84' lang='lat' dir='ltr'><strong>quadrata.</strong></span> <span class='ocrx_word' id='word_1_74' title='bbox 295 941 360 999; x_wconf 89' lang='lat' dir='ltr'><strong>Iam</strong></span> <span class='ocrx_word' id='word_1_75' title='bbox 398 961 468 1019; x_wconf 81' lang='lat' dir='ltr'><strong>ergo</strong></span> <span class='ocrx_word' id='word_1_76' title='bbox 500 942 665 1001; x_wconf 83' lang='lat' dir='ltr'><strong>invenimus</strong></span> <span class='ocrx_word' id='word_1_77' title='bbox 698 942 756 1000; x_wconf 85' lang='lat' dir='ltr'><strong>duo</strong></span> <span class='ocrx_word' id='word_1_78' title='bbox 789 942 936 1016; x_wconf 88' lang='lat' dir='ltr'><strong>quadrata</strong></span> <span class='ocrx_word' id='word_1_79' title='bbox 973 943 1092 1018; x_wconf 89' lang='lat' dir='ltr'><strong>equalia</strong></span> 
     </span>
     <span class='ocr_line' id='line_1_10' title="bbox 80 1029 1091 1106; baseline -0.001 -15"><span class='ocrx_word' id='word_1_80' title='bbox 80 1029 227 1105; x_wconf 85' lang='lat' dir='ltr'><strong>quadrato</strong></span> <span class='ocrx_word' id='word_1_81' title='bbox 247 1030 326 1105; x_wconf 83' lang='lat' dir='ltr'><strong>dato,</strong></span> <span class='ocrx_word' id='word_1_82' title='bbox 346 1031 426 1105; x_wconf 85' lang='lat' dir='ltr'><strong>quod</strong></span> <span class='ocrx_word' id='word_1_83' title='bbox 443 1030 521 1088; x_wconf 84' lang='lat' dir='ltr'><strong>illud</strong></span> <span class='ocrx_word' id='word_1_84' title='bbox 539 1033 592 1106; x_wconf 82' lang='lat' dir='ltr'><strong>est,</strong></span> <span class='ocrx_word' id='word_1_85' title='bbox 613 1031 693 1106; x_wconf 83' lang='lat' dir='ltr'><strong>quod</strong></span> <span class='ocrx_word' id='word_1_86' title='bbox 712 1030 914 1090; x_wconf 83' lang='lat' dir='ltr'><strong>demonstrare</strong></span> <span class='ocrx_word' id='word_1_87' title='bbox 933 1031 1091 1090; x_wconf 85' lang='lat' dir='ltr'><strong>voluimus.</strong></span> 
     </span>
     <span class='ocr_line' id='line_1_11' title="bbox 169 1111 1132 1199; baseline 0.002 -23"><span class='ocrx_word' id='word_1_88' title='bbox 169 1119 393 1177; x_wconf 83' lang='lat' dir='ltr'><strong>Antecedens</strong></span> <span class='ocrx_word' id='word_1_89' title='bbox 415 1119 533 1197; x_wconf 83' lang='lat' dir='ltr'><strong>figure</strong></span> <span class='ocrx_word' id='word_1_90' title='bbox 556 1138 645 1177; x_wconf 89' lang='lat' dir='ltr'><strong>none</strong></span> <span class='ocrx_word' id='word_1_91' title='bbox 669 1111 844 1199; x_wconf 62' lang='lat' dir='ltr'><strong>decimel)</strong></span> <span class='ocrx_word' id='word_1_92' title='bbox 1105 1132 1132 1170; x_wconf 88' lang='lat'><strong>1⁰</strong></span> 
     </span>
     <span class='ocr_line' id='line_1_12' title="bbox 171 1205 1090 1283; baseline 0.003 -19"><span class='ocrx_word' id='word_1_93' title='bbox 171 1205 207 1264; x_wconf 82' lang='lat' dir='ltr'><strong>Si</strong></span> <span class='ocrx_word' id='word_1_94' title='bbox 229 1206 367 1266; x_wconf 86' lang='lat' dir='ltr'><strong>fuerint</strong></span> <span class='ocrx_word' id='word_1_95' title='bbox 390 1207 455 1266; x_wconf 87' lang='lat' dir='ltr'><strong>due</strong></span> <span class='ocrx_word' id='word_1_96' title='bbox 478 1209 707 1283; x_wconf 71' lang='lat' dir='ltr'><strong>quantitates</strong></span> <span class='ocrx_word' id='word_1_97' title='bbox 730 1207 1090 1282; x_wconf 79' lang='lat' dir='ltr'><strong>incommunieentes,</strong></span> 
     </span>
     <span class='ocr_line' id='line_1_13' title="bbox 80 1295 1090 1370; baseline 0 -16"><span class='ocrx_word' id='word_1_98' title='bbox 80 1295 194 1354; x_wconf 88' lang='lat' dir='ltr'><strong>omnis</strong></span> <span class='ocrx_word' id='word_1_99' title='bbox 222 1296 411 1370; x_wconf 88' lang='lat' dir='ltr'><strong>quantitas</strong></span> <span class='ocrx_word' id='word_1_100' title='bbox 439 1297 703 1356; x_wconf 83' lang='lat' dir='ltr'><strong>communicans</strong></span> <span class='ocrx_word' id='word_1_101' title='bbox 731 1296 792 1354; x_wconf 93' lang='lat' dir='ltr'><strong>uni</strong></span> <span class='ocrx_word' id='word_1_102' title='bbox 815 1315 937 1354; x_wconf 88' lang='lat' dir='ltr'><strong>earum</strong></span> <span class='ocrx_word' id='word_1_103' title='bbox 960 1299 1014 1354; x_wconf 86' lang='lat' dir='ltr'><strong>est</strong></span> <span class='ocrx_word' id='word_1_104' title='bbox 1035 1297 1090 1354; x_wconf 91' lang='lat' dir='ltr'><strong>in·</strong></span> 
     </span>
     <span class='ocr_line' id='line_1_14' title="bbox 80 1384 486 1444; baseline 0 -2"><span class='ocrx_word' id='word_1_105' title='bbox 80 1384 346 1443; x_wconf 86' lang='lat' dir='ltr'><strong>eommunieene</strong></span> <span class='ocrx_word' id='word_1_106' title='bbox 369 1385 486 1444; x_wconf 85' lang='lat' dir='ltr'><strong>alteri.</strong></span> 
     </span>
     <span class='ocr_line' id='line_1_15' title="bbox 167 1472 1089 1550; baseline 0.001 -21"><span class='ocrx_word' id='word_1_107' title='bbox 167 1473 259 1531; x_wconf 84' lang='lat' dir='ltr'><strong>Verbi</strong></span> <span class='ocrx_word' id='word_1_108' title='bbox 285 1474 383 1550; x_wconf 81' lang='lat' dir='ltr'><strong>gratia</strong></span> <span class='ocrx_word' id='word_1_109' title='bbox 412 1474 472 1532; x_wconf 87' lang='lat' dir='ltr'><strong>sint</strong></span> <span class='ocrx_word' id='word_1_110' title='bbox 499 1474 556 1532; x_wconf 85' lang='lat' dir='ltr'><strong>due</strong></span> <span class='ocrx_word' id='word_1_111' title='bbox 585 1474 769 1550; x_wconf 87' lang='lat' dir='ltr'><strong>quantitates</strong></span> <span class='ocrx_word' id='word_1_112' title='bbox 795 1492 827 1542; x_wconf 85' lang='lat' dir='ltr'><strong>e,</strong></span> <span class='ocrx_word' id='word_1_113' title='bbox 851 1474 868 1531; x_wconf 86' lang='lat' dir='ltr'><strong>b</strong></span> <span class='ocrx_word' id='word_1_114' title='bbox 896 1472 1089 1532; x_wconf 86' lang='lat' dir='ltr'><strong>inoommuni·</strong></span> 
     </span>
     <span class='ocr_line' id='line_1_16' title="bbox 80 1561 1131 1638; baseline 0 -18"><span class='ocrx_word' id='word_1_115' title='bbox 80 1565 193 1634; x_wconf 83' lang='lat' dir='ltr'><strong>cantes,</strong></span> <span class='ocrx_word' id='word_1_116' title='bbox 222 1565 252 1620; x_wconf 89' lang='lat' dir='ltr'><strong>et</strong></span> <span class='ocrx_word' id='word_1_117' title='bbox 275 1562 335 1622; x_wconf 90' lang='lat' dir='ltr'><strong>sint</strong></span> <span class='ocrx_word' id='word_1_118' title='bbox 355 1581 375 1637; x_wconf 78' lang='lat' dir='ltr'>p</span> <span class='ocrx_word' id='word_1_119' title='bbox 398 1565 428 1622; x_wconf 91' lang='lat' dir='ltr'><strong>et</strong></span> <span class='ocrx_word' id='word_1_120' title='bbox 452 1565 468 1622; x_wconf 85' lang='lat' dir='ltr'><strong>b</strong></span> <span class='ocrx_word' id='word_1_121' title='bbox 491 1563 755 1622; x_wconf 81' lang='lat' dir='ltr'><strong>communicantes·</strong></span> <span class='ocrx_word' id='word_1_122' title='bbox 782 1561 847 1621; x_wconf 87' lang='lat' dir='ltr'><strong>dieo</strong></span> <span class='ocrx_word' id='word_1_123' title='bbox 875 1561 982 1638; x_wconf 84' lang='lat' dir='ltr'><strong>igitur,</strong></span> <span class='ocrx_word' id='word_1_124' title='bbox 1010 1561 1094 1637; x_wconf 72' lang='lat' dir='ltr'><strong>quod</strong></span> <span class='ocrx_word' id='word_1_125' title='bbox 1104 1571 1131 1612; x_wconf 76' lang='lat'><strong>1⁵</strong></span> 
     </span>
     <span class='ocr_line' id='line_1_17' title="bbox 494 1650 1091 1726; baseline -0.003 -16"><span class='ocrx_word' id='word_1_126' title='bbox 494 1670 514 1710; x_wconf 85' lang='lat' dir='ltr'><strong>a</strong></span> <span class='ocrx_word' id='word_1_127' title='bbox 532 1653 593 1725; x_wconf 78' lang='lat' dir='ltr'><strong>etp</strong></span> <span class='ocrx_word' id='word_1_128' title='bbox 612 1655 683 1711; x_wconf 89' lang='lat' dir='ltr'><strong>sunt</strong></span> <span class='ocrx_word' id='word_1_129' title='bbox 700 1650 990 1725; x_wconf 74' lang='lat' dir='ltr'><strong>incommunioantes</strong></span> <span class='ocrx_word' id='word_1_130' title='bbox 1009 1650 1091 1726; x_wconf 87' lang='lat' dir='ltr'><strong>quod</strong></span> 
     </span>
     <span class='ocr_line' id='line_1_18' title="bbox 256 1739 1090 1816; baseline -0.001 -17"><span class='ocrx_word' id='word_1_131' title='bbox 256 1749 274 1785; x_wconf 71' lang='lat' dir='ltr'><strong>a</strong></span> <span class='ocrx_word' id='word_1_132' title='bbox 493 1741 535 1800; x_wconf 87' lang='lat' dir='ltr'><strong>sio</strong></span> <span class='ocrx_word' id='word_1_133' title='bbox 552 1741 706 1816; x_wconf 84' lang='lat' dir='ltr'><strong>probatur,</strong></span> <span class='ocrx_word' id='word_1_134' title='bbox 725 1739 867 1816; x_wconf 86' lang='lat' dir='ltr'><strong>quoniam</strong></span> <span class='ocrx_word' id='word_1_135' title='bbox 884 1758 943 1798; x_wconf 90' lang='lat' dir='ltr'><strong>non</strong></span> <span class='ocrx_word' id='word_1_136' title='bbox 960 1742 1005 1797; x_wconf 89' lang='lat' dir='ltr'><strong>est</strong></span> <span class='ocrx_word' id='word_1_137' title='bbox 1023 1757 1090 1815; x_wconf 92' lang='lat' dir='ltr'><strong>pos-</strong></span> 
     </span>
     <span class='ocr_line' id='line_1_19' title="bbox 453 1804 1090 1897; baseline -0.002 -9.928"><span class='ocrx_word' id='word_1_138' title='bbox 453 1804 581 1888; x_wconf 90' lang='lat' dir='ltr'><strong>sibile</strong></span> <span class='ocrx_word' id='word_1_139' title='bbox 605 1830 693 1887; x_wconf 89' lang='lat' dir='ltr'><strong>aliter</strong></span> <span class='ocrx_word' id='word_1_140' title='bbox 716 1846 787 1887; x_wconf 89' lang='lat' dir='ltr'><strong>esse</strong></span> <span class='ocrx_word' id='word_1_141' title='bbox 828 1827 913 1897; x_wconf 79' lang='lat' dir='ltr'><strong>Quod</strong></span> <span class='ocrx_word' id='word_1_142' title='bbox 936 1828 976 1886; x_wconf 88' lang='lat' dir='ltr'><strong>sit</strong></span> <span class='ocrx_word' id='word_1_143' title='bbox 998 1828 1090 1886; x_wconf 87' lang='lat' dir='ltr'><strong>fuerit</strong></span> 
     </span>
     <span class='ocr_line' id='line_1_20' title="bbox 284 1911 1089 2017; baseline -0.006 -37"><span class='ocrx_word' id='word_1_144' title='bbox 284 1911 299 1962; x_wconf 71' lang='lat' dir='ltr'><em>b</em></span> <span class='ocrx_word' id='word_1_145' title='bbox 455 1919 646 2017; x_wconf 79' lang='lat' dir='ltr'><strong>possibile,</strong></span> <span class='ocrx_word' id='word_1_146' title='bbox 680 1918 788 1976; x_wconf 84' lang='lat' dir='ltr'><strong>sinte</strong></span> <span class='ocrx_word' id='word_1_147' title='bbox 819 1920 849 1976; x_wconf 89' lang='lat' dir='ltr'><strong>et</strong></span> <span class='ocrx_word' id='word_1_148' title='bbox 878 1936 898 1990; x_wconf 77' lang='lat' dir='ltr'>p</span> <span class='ocrx_word' id='word_1_149' title='bbox 929 1917 1089 1975; x_wconf 89' lang='lat' dir='ltr'><strong>eommuni-</strong></span> 
     </span>
     <span class='ocr_line' id='line_1_21' title="bbox 455 1981 1131 2079; baseline -0.002 -13.935"><span class='ocrx_word' id='word_1_150' title='bbox 455 1981 605 2066; x_wconf 83' lang='lat' dir='ltr'><strong>cantes.</strong></span> <span class='ocrx_word' id='word_1_151' title='bbox 661 2006 719 2064; x_wconf 82' lang='lat' dir='ltr'><strong>Sed</strong></span> <span class='ocrx_word' id='word_1_152' title='bbox 753 2008 832 2064; x_wconf 81' lang='lat' dir='ltr'><strong>eet</strong></span> <span class='ocrx_word' id='word_1_153' title='bbox 862 2008 984 2079; x_wconf 78' lang='lat' dir='ltr'><strong>psunt</strong></span> <span class='ocrx_word' id='word_1_154' title='bbox 1011 2025 1088 2065; x_wconf 89' lang='lat' dir='ltr'><strong>eom·</strong></span> <span class='ocrx_word' id='word_1_155' title='bbox 1103 2017 1131 2057; x_wconf 76' lang='lat'><strong>2⁰</strong></span> 
     </span>
     <span class='ocr_line' id='line_1_22' title="bbox 326 2095 1089 2171; baseline -0.004 -15"><span class='ocrx_word' id='word_1_156' title='bbox 326 2105 343 2156; x_wconf 76' lang='lat'><em>9</em></span> <span class='ocrx_word' id='word_1_157' title='bbox 494 2096 686 2170; x_wconf 85' lang='lat' dir='ltr'><strong>munieantes</strong></span> <span class='ocrx_word' id='word_1_158' title='bbox 710 2115 780 2171; x_wconf 88' lang='lat' dir='ltr'><strong>ergo</strong></span> <span class='ocrx_word' id='word_1_159' title='bbox 799 2114 819 2153; x_wconf 88' lang='lat' dir='ltr'><strong>u</strong></span> <span class='ocrx_word' id='word_1_160' title='bbox 839 2096 904 2152; x_wconf 85' lang='lat' dir='ltr'><strong>etb</strong></span> <span class='ocrx_word' id='word_1_161' title='bbox 927 2095 1089 2154; x_wconf 86' lang='lat' dir='ltr'><strong>eommuni-</strong></span> 
     </span>
     <span class='ocr_line' id='line_1_23' title="bbox 494 2183 1089 2260; baseline 0.002 -19"><span class='ocrx_word' id='word_1_162' title='bbox 494 2187 564 2242; x_wconf 86' lang='lat' dir='ltr'><strong>oant</strong></span> <span class='ocrx_word' id='word_1_163' title='bbox 579 2203 611 2258; x_wconf 78' lang='lat' dir='ltr'><strong>p:</strong></span> <span class='ocrx_word' id='word_1_164' title='bbox 631 2203 699 2260; x_wconf 86' lang='lat' dir='ltr'><strong>ergo</strong></span> <span class='ocrx_word' id='word_1_165' title='bbox 719 2183 989 2242; x_wconf 73' lang='lat' dir='ltr'><strong>communicatae.</strong></span> <span class='ocrx_word' id='word_1_166' title='bbox 1023 2184 1089 2242; x_wconf 86' lang='lat' dir='ltr'><strong>iem</strong></span> 
     </span>
     <span class='ocr_line' id='line_1_24' title="bbox 79 2270 1087 2347; baseline 0.005 -22"><span class='ocrx_word' id='word_1_167' title='bbox 79 2271 179 2326; x_wconf 89' lang='lat' dir='ltr'><strong>autem</strong></span> <span class='ocrx_word' id='word_1_168' title='bbox 202 2270 321 2328; x_wconf 85' lang='lat' dir='ltr'><strong>fuerant</strong></span> <span class='ocrx_word' id='word_1_169' title='bbox 343 2271 634 2347; x_wconf 85' lang='lat' dir='ltr'><strong>incommunieantes,</strong></span> <span class='ocrx_word' id='word_1_170' title='bbox 658 2272 738 2347; x_wconf 88' lang='lat' dir='ltr'><strong>quod</strong></span> <span class='ocrx_word' id='word_1_171' title='bbox 761 2275 806 2330; x_wconf 88' lang='lat' dir='ltr'><strong>est</strong></span> <span class='ocrx_word' id='word_1_172' title='bbox 829 2271 948 2330; x_wconf 89' lang='lat' dir='ltr'><strong>omnino</strong></span> <span class='ocrx_word' id='word_1_173' title='bbox 972 2275 1087 2330; x_wconf 88' lang='lat' dir='ltr'><strong>eontra·</strong></span> 
     </span>
     <span class='ocr_line' id='line_1_25' title="bbox 76 2357 1087 2437; baseline 0.008 -24"><span class='ocrx_word' id='word_1_174' title='bbox 76 2357 168 2414; x_wconf 87' lang='lat' dir='ltr'><strong>rium:</strong></span> <span class='ocrx_word' id='word_1_175' title='bbox 192 2376 261 2434; x_wconf 82' lang='lat' dir='ltr'><strong>ergo</strong></span> <span class='ocrx_word' id='word_1_176' title='bbox 286 2377 305 2416; x_wconf 86' lang='lat' dir='ltr'><strong><em>a</em></strong></span> <span class='ocrx_word' id='word_1_177' title='bbox 328 2362 398 2433; x_wconf 78' lang='lat' dir='ltr'><strong>etp</strong></span> <span class='ocrx_word' id='word_1_178' title='bbox 421 2363 492 2419; x_wconf 91' lang='lat' dir='ltr'><strong>sunt</strong></span> <span class='ocrx_word' id='word_1_179' title='bbox 513 2359 805 2435; x_wconf 81' lang='lat' dir='ltr'><strong>incommunieantes,</strong></span> <span class='ocrx_word' id='word_1_180' title='bbox 833 2359 913 2434; x_wconf 87' lang='lat' dir='ltr'><strong>quod</strong></span> <span class='ocrx_word' id='word_1_181' title='bbox 935 2360 1011 2418; x_wconf 88' lang='lat' dir='ltr'><strong>illud</strong></span> <span class='ocrx_word' id='word_1_182' title='bbox 1032 2365 1087 2437; x_wconf 88' lang='lat' dir='ltr'><strong>est,</strong></span> 
     </span>
     <span class='ocr_line' id='line_1_26' title="bbox 76 2446 1128 2521; baseline 0.008 -17"><span class='ocrx_word' id='word_1_183' title='bbox 76 2446 158 2521; x_wconf 92' lang='lat' dir='ltr'><strong>quod</strong></span> <span class='ocrx_word' id='word_1_184' title='bbox 181 2447 382 2506; x_wconf 87' lang='lat' dir='ltr'><strong>demonstrare</strong></span> <span class='ocrx_word' id='word_1_185' title='bbox 405 2449 565 2508; x_wconf 88' lang='lat' dir='ltr'><strong>voluimus.</strong></span> <span class='ocrx_word' id='word_1_186' title='bbox 1101 2459 1128 2500; x_wconf 78' lang='lat'><strong>2⁵</strong></span> 
     </span>
     <span class='ocr_line' id='line_1_27' title="bbox 165 2528 940 2614; baseline 0.003 -22"><span class='ocrx_word' id='word_1_187' title='bbox 165 2535 391 2595; x_wconf 83' lang='lat' dir='ltr'><strong>Anteeedens</strong></span> <span class='ocrx_word' id='word_1_188' title='bbox 413 2537 533 2614; x_wconf 83' lang='lat' dir='ltr'><strong>figure</strong></span> <span class='ocrx_word' id='word_1_189' title='bbox 555 2537 724 2597; x_wconf 79' lang='lat' dir='ltr'><strong>vicesimo</strong></span> <span class='ocrx_word' id='word_1_190' title='bbox 748 2528 940 2613; x_wconf 52' lang='lat' dir='ltr'><strong>seeundefl)</strong></span> 
     </span>
     <span class='ocr_line' id='line_1_28' title="bbox 165 2621 1087 2702; baseline 0.003 -21"><span class='ocrx_word' id='word_1_191' title='bbox 165 2621 287 2682; x_wconf 87' lang='lat' dir='ltr'><strong>Omnis</strong></span> <span class='ocrx_word' id='word_1_192' title='bbox 333 2625 550 2700; x_wconf 86' lang='lat' dir='ltr'><strong>superficies</strong></span> <span class='ocrx_word' id='word_1_193' title='bbox 592 2624 809 2702; x_wconf 85' lang='lat' dir='ltr'><strong>orthogonia</strong></span> <span class='ocrx_word' id='word_1_194' title='bbox 851 2628 1022 2683; x_wconf 89' lang='lat' dir='ltr'><strong>eontenta</strong></span> <span class='ocrx_word' id='word_1_195' title='bbox 1069 2645 1087 2684; x_wconf 88' lang='lat' dir='ltr'><strong>a</strong></span> 
     </span>
     <span class='ocr_line' id='line_1_29' title="bbox 73 2712 1087 2790; baseline 0.004 -21"><span class='ocrx_word' id='word_1_196' title='bbox 73 2712 212 2771; x_wconf 86' lang='lat' dir='ltr'><strong>duabus</strong></span> <span class='ocrx_word' id='word_1_197' title='bbox 240 2713 347 2772; x_wconf 90' lang='lat' dir='ltr'><strong>lineis</strong></span> <span class='ocrx_word' id='word_1_198' title='bbox 374 2714 411 2771; x_wconf 95' lang='lat' dir='ltr'><strong>in</strong></span> <span class='ocrx_word' id='word_1_199' title='bbox 438 2715 605 2790; x_wconf 88' lang='lat' dir='ltr'><strong>potentia</strong></span> <span class='ocrx_word' id='word_1_200' title='bbox 627 2714 885 2789; x_wconf 58' lang='lat' dir='ltr'><strong>rationalibus</strong></span> <span class='ocrx_word' id='word_1_201' title='bbox 914 2733 980 2790; x_wconf 90' lang='lat' dir='ltr'><strong>que</strong></span> <span class='ocrx_word' id='word_1_202' title='bbox 997 2717 1087 2773; x_wconf 72' lang='lat' dir='ltr'><strong>&#39;sunt</strong></span> 
     </span>
     <span class='ocr_line' id='line_1_30' title="bbox 75 2801 1013 2879; baseline 0.002 -21"><span class='ocrx_word' id='word_1_203' title='bbox 75 2802 111 2858; x_wconf 90' lang='lat' dir='ltr'><strong>in</strong></span> <span class='ocrx_word' id='word_1_204' title='bbox 133 2801 368 2879; x_wconf 84' lang='lat' dir='ltr'><strong>longitudine</strong></span> <span class='ocrx_word' id='word_1_205' title='bbox 392 2803 709 2876; x_wconf 78' lang='lat' dir='ltr'><strong>eommunioanteS,</strong></span> <span class='ocrx_word' id='word_1_206' title='bbox 732 2805 786 2861; x_wconf 87' lang='lat' dir='ltr'><strong>est</strong></span> <span class='ocrx_word' id='word_1_207' title='bbox 808 2802 1013 2862; x_wconf 87' lang='lat' dir='ltr'><strong>rationalis.</strong></span> 
     </span>
    </p>
   </div>
   <div class='ocr_carea' id='block_1_3' title="bbox 74 2890 1127 3056">
    <p class='ocr_par' dir='ltr' id='par_1_3' title="bbox 74 2890 1127 3056">
     <span class='ocr_line' id='line_1_31' title="bbox 163 2890 1127 2969; baseline 0.003 -21"><span class='ocrx_word' id='word_1_208' title='bbox 163 2890 254 2949; x_wconf 88' lang='lat' dir='ltr'><strong>Verbi</strong></span> <span class='ocrx_word' id='word_1_209' title='bbox 281 2891 379 2968; x_wconf 85' lang='lat' dir='ltr'><strong>gratia</strong></span> <span class='ocrx_word' id='word_1_210' title='bbox 407 2892 447 2950; x_wconf 87' lang='lat' dir='ltr'><strong>sit</strong></span> <span class='ocrx_word' id='word_1_211' title='bbox 474 2891 641 2968; x_wconf 85' lang='lat' dir='ltr'><strong>superficies</strong></span> <span class='ocrx_word' id='word_1_212' title='bbox 670 2893 709 2965; x_wconf 78' lang='lat' dir='ltr'><strong>bp</strong></span> <span class='ocrx_word' id='word_1_213' title='bbox 734 2894 884 2950; x_wconf 83' lang='lat' dir='ltr'><strong>rectorum</strong></span> <span class='ocrx_word' id='word_1_214' title='bbox 907 2892 1127 2969; x_wconf 79' lang='lat' dir='ltr'><strong>angulorumee</strong></span> 
     </span>
     <span class='ocr_line' id='line_1_32' title="bbox 74 2979 1085 3056; baseline 0.004 -19"><span class='ocrx_word' id='word_1_215' title='bbox 74 2983 214 3038; x_wconf 85' lang='lat' dir='ltr'><strong>contenta</strong></span> <span class='ocrx_word' id='word_1_216' title='bbox 242 2999 260 3038; x_wconf 90' lang='lat' dir='ltr'><strong>a</strong></span> <span class='ocrx_word' id='word_1_217' title='bbox 283 2979 398 3039; x_wconf 88' lang='lat' dir='ltr'><strong>duabus</strong></span> <span class='ocrx_word' id='word_1_218' title='bbox 420 2980 507 3039; x_wconf 88' lang='lat' dir='ltr'><strong>lineis</strong></span> <span class='ocrx_word' id='word_1_219' title='bbox 531 2983 585 3050; x_wconf 83' lang='lat' dir='ltr'><strong>ab,</strong></span> <span class='ocrx_word' id='word_1_220' title='bbox 609 2999 651 3054; x_wconf 77' lang='lat' dir='ltr'><strong>up</strong></span> <span class='ocrx_word' id='word_1_221' title='bbox 673 2979 705 3038; x_wconf 89' lang='lat' dir='ltr'><strong>in</strong></span> <span class='ocrx_word' id='word_1_222' title='bbox 728 2981 863 3056; x_wconf 91' lang='lat' dir='ltr'><strong>potentia</strong></span> <span class='ocrx_word' id='word_1_223' title='bbox 886 2981 1085 3041; x_wconf 83' lang='lat' dir='ltr'><strong>rationalibus</strong></span> 
     </span>
    </p>
   </div>
   <div class='ocr_carea' id='block_1_4' title="bbox 146 3149 507 3204">
    <p class='ocr_par' dir='ltr' id='par_1_4' title="bbox 146 3149 507 3204">
     <span class='ocr_line' id='line_1_33' title="bbox 146 3149 507 3204; baseline 0.003 -2"><span class='ocrx_word' id='word_1_224' title='bbox 146 3157 186 3204; x_wconf 94' lang='grc'><strong>11.</strong></span> <span class='ocrx_word' id='word_1_225' title='bbox 207 3149 315 3204; x_wconf 78' lang='lat' dir='ltr'><strong>Sie-</strong></span> <span class='ocrx_word' id='word_1_226' title='bbox 334 3155 376 3204; x_wconf 79' lang='lat'><strong>23.</strong></span> <span class='ocrx_word' id='word_1_227' title='bbox 395 3149 507 3204; x_wconf 87' lang='lat' dir='ltr'><strong>fuerint.</strong></span> 
     </span>
    </p>
   </div>
   <div class='ocr_carea' id='block_1_5' title="bbox 72 3309 1085 3577">
    <p class='ocr_par' dir='ltr' id='par_1_5' title="bbox 145 3309 528 3379">
     <span class='ocr_line' id='line_1_34' title="bbox 145 3309 528 3379; baseline 0.003 -18"><span class='ocrx_word' id='word_1_228' title='bbox 145 3312 171 3379; x_wconf 93' lang='lat'><strong>1)</strong></span> <span class='ocrx_word' id='word_1_229' title='bbox 189 3309 340 3379; x_wconf 88' lang='lat' dir='ltr'><strong>Videasp.</strong></span> <span class='ocrx_word' id='word_1_230' title='bbox 355 3315 407 3364; x_wconf 79' lang='lat'><strong>223</strong></span> <span class='ocrx_word' id='word_1_231' title='bbox 425 3313 483 3365; x_wconf 88' lang='lat' dir='ltr'><strong>not</strong></span> <span class='ocrx_word' id='word_1_232' title='bbox 504 3316 528 3365; x_wconf 85' lang='lat'><strong>3</strong></span> 
     </span>
    </p>

    <p class='ocr_par' dir='ltr' id='par_1_6' title="bbox 72 3380 1085 3577">
     <span class='ocr_line' id='line_1_35' title="bbox 144 3380 1085 3462; baseline 0.001 -29.018"><span class='ocrx_word' id='word_1_233' title='bbox 144 3380 638 3449; x_wconf 72' lang='lat' dir='ltr'><strong>2)2EstEucr1n1sOmrm1X‚23</strong></span> <span class='ocrx_word' id='word_1_234' title='bbox 661 3381 941 3462; x_wconf 79' lang='lat' dir='ltr'><strong>(Hs1snue11X‚25).</strong></span> <span class='ocrx_word' id='word_1_235' title='bbox 978 3380 1085 3434; x_wconf 82' lang='lat' dir='ltr'><strong>Videas</strong></span> 
     </span>
     <span class='ocr_line' id='line_1_36' title="bbox 73 3451 1085 3531; baseline 0.003 -28"><span class='ocrx_word' id='word_1_236' title='bbox 73 3468 201 3531; x_wconf 77' lang='lat' dir='ltr'><strong>suprap.</strong></span> <span class='ocrx_word' id='word_1_237' title='bbox 217 3457 268 3505; x_wconf 76' lang='lat'><strong>225</strong></span> <span class='ocrx_word' id='word_1_238' title='bbox 291 3455 389 3507; x_wconf 88' lang='lat' dir='ltr'><strong>notl.</strong></span> <span class='ocrx_word' id='word_1_239' title='bbox 437 3453 542 3507; x_wconf 88' lang='lat' dir='ltr'><strong>Auetor</strong></span> <span class='ocrx_word' id='word_1_240' title='bbox 570 3454 639 3506; x_wconf 85' lang='lat' dir='ltr'><strong>duos</strong></span> <span class='ocrx_word' id='word_1_241' title='bbox 668 3469 749 3506; x_wconf 84' lang='lat' dir='ltr'><strong>casus</strong></span> <span class='ocrx_word' id='word_1_242' title='bbox 777 3451 859 3506; x_wconf 86' lang='lat' dir='ltr'><strong>huius</strong></span> <span class='ocrx_word' id='word_1_243' title='bbox 882 3451 1085 3522; x_wconf 82' lang='lat' dir='ltr'><strong>propositionis</strong></span> 
     </span>
     <span class='ocr_line' id='line_1_37' title="bbox 72 3520 320 3577; baseline 0.008 -2"><span class='ocrx_word' id='word_1_244' title='bbox 72 3520 188 3575; x_wconf 88' lang='lat' dir='ltr'><strong>seorsim</strong></span> <span class='ocrx_word' id='word_1_245' title='bbox 206 3524 320 3577; x_wconf 88' lang='lat' dir='ltr'><strong>traotat.</strong></span> 
     </span>
    </p>
   </div>
   <div class='ocr_carea' id='block_1_6' title="bbox 0 0 1208 3848">
    <p class='ocr_par' dir='ltr' id='par_1_7' title="bbox 0 0 1208 3848">
     <span class='ocr_line' id='line_1_38' title="bbox 0 0 1208 3848; baseline 0 1"><span class='ocrx_word' id='word_1_246' title='bbox 0 0 1208 3848; x_wconf 95' lang='lat' dir='ltr'><strong> </strong></span> 
     </span>
    </p>
   </div>
  </div>
 </body>
</html>
