2408 3848
110 181 152 244 20
394 187 559 242 ANARITII
577 187 833 243 COMMENTARII

175 355 259 414 Dixit
281 356 453 416 Euomnns:
476 358 646 416 Diometras
669 358 769 416 etroatt
793 362 834 416 est
855 359 933 417 liaeo
955 362 1042 427 reeta,
1064 377 1121 432 que

110 447 216 504 traastt
241 463 298 518 per
330 450 457 505 oestrum
490 447 602 514 circuti,
636 449 718 505 cates
750 448 805 504 otae
837 449 1026 506 extremitates
1048 466 1120 521 per·

109 536 228 592 oeatwat
265 535 304 593 ad
335 536 597 608 otrooafereattam,
635 539 660 594 et
690 537 795 594 dtos'rttt
825 537 964 595 aradam
995 538 1029 595 ta
1060 537 1121 596 daeo

109 624 212 682 medlo.

83 728 96 768 s
177 711 273 787 Supra
309 712 364 770 hoe
399 711 642 771 Sanannromus:
679 712 851 772 Diametrus
884 711 978 772 Greea
1014 713 1122 791 lingua

110 799 176 858 ideo
204 804 330 859 vocatur
357 801 530 876 diametrus,
559 801 630 876 quia
656 802 765 860 transit
791 821 845 877 per
866 804 966 861 totum
988 803 1122 878 spatium

110 888 225 965 circuli,
261 908 295 948 ao
324 889 350 947 si
381 890 536 948 metiretur
566 890 671 966 ipsum.
721 890 859 948 Mensura
889 891 968 949 enim
994 895 1040 950 est
1066 912 1122 968 per

109 980 204 1036 totam
241 997 304 1036 rem
335 979 470 1037 transire.
525 979 565 1036 nt
597 979 688 1037 etiam
718 979 784 1039 ideo
818 979 926 1038 dieitur
958 979 1121 1040 diametrus

111 1064 205 1125 Greoa
232 1067 349 1143 lingua,
373 1068 446 1142 quia
469 1067 576 1128 dividit
599 1067 741 1126 eiroulum
763 1069 795 1126 in
819 1068 876 1127 duo
899 1069 1005 1126 media.
1050 1069 1122 1130 Non

72 1172 97 1212 1ο
112 1155 213 1230 aliqua
244 1156 402 1231 linearum,
439 1176 497 1232 que
528 1157 560 1214 in
593 1157 703 1215 eireulo
736 1158 857 1233 eadunt,
890 1160 935 1216 est
967 1157 1121 1234 diameter,

110 1263 206 1319 neque
234 1245 405 1303 nominatur
432 1247 487 1305 hoc
514 1245 640 1304 nomine.
687 1244 745 1303 Sed
772 1246 852 1321 quod
881 1247 1041 1305 diametrus
1066 1251 1121 1323 est,

111 1333 165 1408 qui
188 1333 302 1392 dividat
325 1334 469 1393 circulum
491 1335 522 1392 in
546 1335 604 1394 duo
627 1334 725 1392 media
748 1337 778 1392 et
800 1355 860 1394 non
880 1334 1004 1394 induas
1024 1336 1121 1395 diver·

112 1440 159 1480 sas
183 1425 291 1498 partes,
315 1424 460 1498 probatur
482 1424 520 1482 ab
544 1423 585 1482 eis
608 1423 663 1482 hoo
685 1415 817 1505 mod0¹):

177 1510 292 1570 Ponam
311 1512 453 1571 eireulum
472 1514 568 1588 abed,
588 1512 671 1569 ouius
690 1514 823 1570 centrum
837 1513 876 1572 sit
889 1517 1033 1588 punctum
1048 1532 1074 1584 e,
1091 1517 1122 1574 et

71 1613 96 1654 rs
111 1599 271 1659 diametrus
291 1601 383 1676 ipsius
401 1601 480 1659 linea
499 1602 555 1659 bd:
575 1600 639 1658 dico
658 1619 737 1678 ergo,
757 1602 835 1676 quod
851 1603 994 1661 medietas
1009 1603 1122 1680 circuli,

110 1709 167 1764 que
196 1691 241 1747 est
270 1691 350 1764 beet,
384 1693 429 1747 est
456 1689 569 1764 equalis

109 1777 268 1835 medietate
292 1777 405 1852 circuli,
438 1797 494 1853 que
521 1779 566 1837 est
855 1765 873 1816 ὖ

111 1867 184 1923 bad.
208 1865 349 1924 Probatio
363 1865 458 1940 huiuS,
473 1886 565 1942 quon-

110 1955 178 2027 iam,
202 1953 228 2011 si
250 1972 310 2012 non
331 1955 423 2012 fuerit
441 1956 565 2030 equalis,

72 2045 165 2100 aeaut
187 2042 243 2099 erit
268 2042 365 2101 minor
392 2044 445 2102 aut
470 2045 565 2104 maior

110 2130 259 2189 Ponamus
287 2131 380 2208 igitur
410 2132 507 2208 prius,
539 2134 565 2192 si

110 2219 249 2295 possibile
269 2223 321 2296 est,
344 2223 379 2278 ut
403 2221 442 2280 sit
461 2222 564 2281 maior.

109 2308 286 2367 Protraham
307 2329 376 2386 ergo
396 2329 413 2368 a
432 2313 531 2370 oentro
551 2329 566 2370 1

110 2397 220 2455 lineam
250 2399 362 2456 rectam
394 2399 432 2457 ad
463 2419 565 2458 areum

72 2499 97 2540 25
112 2487 187 2562 bed,
216 2488 423 2562 quoquomodo
449 2489 564 2566 aoeidit,

112 2575 208 2650 sitque
219 2575 299 2633 linea
309 2594 352 2650 19.
373 2576 447 2636 (lum
456 2579 563 2637 medie-

111 2666 158 2721 tas
186 2664 302 2739 oirouli,
334 2685 391 2740 que
420 2669 464 2725 est
487 2669 563 2741 bea,

112 2752 298 2827 superposita
321 2755 411 2814 trerit
432 2756 489 2814 alie
508 2776 567 2815 me-

113 2841 232 2916 dietati,
260 2861 318 2918 que
346 2847 391 2902 est
418 2846 496 2920 bod,
530 2844 644 2904 excedit
676 2863 754 2920 eam,
786 2845 858 2920 quia
889 2845 924 2904 fit
954 2847 1050 2905 maior
1077 2867 1123 2924 ea,

73 2945 98 2984 so
113 2932 143 2987 et
170 2929 209 2988 sit
236 2933 385 3006 superatio
414 2933 517 2992 similis
541 2934 735 3009 protractioni
761 2935 829 2992 bad.
875 2933 968 2994 Linea
991 2956 1062 3014 ergo
1083 2957 1125 3012 ye

112 3018 211 3092 posita
240 3023 285 3078 est
313 3039 401 3097 super
427 3023 537 3080 lineam
563 3041 608 3098 11,
638 3025 668 3081 et
691 3023 762 3097 quia
784 3024 928 3098 punctum
951 3043 965 3083 1
989 3029 1033 3084 est
1056 3046 1123 3086 oen·

112 3110 192 3164 trum
220 3109 322 3167 oireuli
350 3112 451 3186 abed,
483 3130 551 3188 ergo
580 3112 660 3169 linea
689 3129 725 3185 ey
752 3114 797 3170 est
824 3113 939 3187 equalis
967 3114 1047 3174 linea
1076 3135 1123 3176 eo.

114 3194 171 3254 Sed
193 3196 272 3256 linea
295 3217 333 3272 19
355 3201 400 3258 est
422 3199 537 3276 equalis
559 3199 636 3258 linea
661 3217 707 3275 11,
730 3219 800 3278 ergo
819 3201 898 3260 linea
917 3220 951 3262 11
970 3207 1015 3263 est
1034 3225 1124 3281 equa-

184 3391 225 3439 21.
245 3385 344 3456 igitur]
363 3387 466 3439 autem.

185 3564 211 3631 1)
230 3536 352 3615 Piocms
374 3567 432 3631 157,
453 3568 564 3618 11-11.
