2408 3848
395 108 445 162 AD
463 107 649 163 EUCLlDEM
666 108 733 163 LIB.
748 109 767 163 Ι.
1062 108 1083 170 3

73 279 139 354 bue,
163 278 271 337 dicitur
293 297 352 336 non
375 277 482 336 habere
505 281 629 352 partem.
679 277 747 335 Non
770 280 870 334 tamen
894 275 1003 334 dicitur
1025 296 1085 335 non

72 368 183 426 habere
206 369 322 443 partem
344 367 402 425 nisi
424 366 499 441 ideo,
523 365 603 441 qnod
625 384 685 424 non
707 365 798 423 habet
815 361 951 444 <genus>
974 365 1084 423 dimen-

73 457 188 517 sionem
214 455 362 529 habentiS,
399 475 493 530 neque
531 455 649 514 omnino
686 455 726 513 sit
761 455 850 513 unius
888 458 917 512 et
954 454 1085 512 eiusdem

73 545 190 624 generis
219 564 285 603 cum
315 545 366 618 eis,
393 564 450 620 quo
477 544 588 602 habent
615 544 818 602 dimensiones.
872 543 973 602 Motus
1005 544 1084 601 enim

72 635 164 694 habet
196 633 423 692 continuitatem
457 637 486 691 et
518 633 741 706 dimensionem3
774 653 832 692 non
864 636 964 690 tamen
995 632 1086 690 habet
1111 649 1124 688 5

74 742 124 782 eas
147 723 205 781 nisi
229 742 263 781 ex
287 723 464 797 quantitate.
515 721 658 780 Similiter
685 741 805 797 quoque
834 721 1001 797 superficies
1025 741 1084 780 non
1150 768 1154 774 .

72 813 165 871 habet
192 829 242 869 eas
264 811 323 882 nisi
346 830 381 868 en
399 814 496 870 motu:
524 830 593 888 ergo
616 810 683 869 finis
710 816 808 870 motus
833 815 862 870 et
888 811 1002 869 instans
1025 829 1085 869 non

73 901 112 960 ob
136 900 218 959 aliud
241 903 312 958 sunt
338 919 397 959 non
424 900 564 958 habentia
585 903 702 976 partem
730 904 759 958 et
789 900 1000 958 dimensionem
1027 899 1085 957 nisi

71 992 196 1066 propter
217 992 370 1065 punctum.
420 989 571 1047 Punctum
598 1007 668 1066 ergo
695 989 779 1065 prius
808 993 837 1048 et
863 991 1011 1064 posterius
1040 991 1085 1047 est

71 1078 235 1137 indivisum
257 1081 288 1136 et
309 1078 514 1136 indimensum.
560 1078 752 1136 Manifestum
777 1098 895 1154 quoque
920 1081 977 1152 est,
1005 1079 1085 1154 quod
1099 1093 1124 1133 10

71 1170 227 1244 punctum,
251 1166 332 1242 quod
355 1170 399 1225 est
421 1167 516 1244 magis
535 1167 664 1242 'simplex
688 1186 779 1242 quam
801 1168 889 1242 linea,
912 1188 972 1227 non
999 1167 1083 1224 dimi-

71 1256 141 1315 nuit
164 1255 278 1331 aliquid
301 1274 412 1330 eorum,
436 1275 494 1331 que
512 1255 623 1313 habent
641 1255 847 1329 dimensiones,
869 1257 1085 1332 cum'partitur

72 1363 118 1419 ea,
145 1364 241 1420 neque
269 1347 360 1421 auget
387 1363 435 1418 ea,
463 1363 497 1403 eo
525 1344 606 1419 q'uod
632 1363 692 1402 non
719 1344 808 1402 habet
835 1348 951 1419 partem
979 1349 1009 1404 et
1040 1348 1085 1403 est

71 1434 141 1492 finis
165 1453 274 1493 eorum.
322 1431 354 1490 Si
378 1433 444 1508 quis
468 1436 570 1491 autem
592 1433 696 1509 puncti
719 1433 862 1492 virtutem
890 1433 963 1491 scire
987 1434 1083 1510 quesi-

72 1522 140 1596 erit,
163 1521 244 1598 quod
267 1525 311 1580 ost
333 1522 429 1599 magis
452 1522 575 1596 simplex
599 1541 690 1597 quam
716 1522 808 1597 linea,
838 1523 869 1584 in
896 1522 1084 1580 sensibilibus
1098 1533 1123 1574 15

72 1611 254 1689 imaginetur
277 1614 412 1669 centrum
433 1611 529 1669 tocius
552 1613 583 1669 et
605 1611 697 1686 polos.

162 1700 266 1758 Preter
287 1699 364 1759 hanc
382 1719 452 1759 vero
470 1701 564 1758 multe
583 1701 641 1758 alie
659 1700 851 1760 diffinitiones
869 1702 980 1776 puncto
1000 1701 1084 1758 attri-

69 1789 143 1847 bute
160 1789 289 1846 fuerunt.
659 1860 661 1865 Ι
754 1780 758 1788 ’

161 1870 364 1954 Hanunnns1)
393 1896 463 1936 vero
487 1877 573 1952 dixit,
602 1879 682 1954 quod
708 1881 880 1954 punctum
907 1881 961 1936 est
987 1879 1083 1954 prin-

71 1967 209 2042 cipium
236 1966 391 2024 omnium
423 1967 673 2042 quantitatum
704 1967 907 2027 indivisum.
957 1967 998 2025 llt
1024 1968 1123 2024 for-ao

71 2056 152 2115 sitan
175 2075 235 2114 non
258 2055 294 2114 ob
319 2055 401 2113 aliud
424 2057 466 2114 sic
489 2056 637 2131 diffinivit,
660 2057 718 2114 nisi
740 2060 775 2115 ut
798 2060 875 2115 esset
897 2055 1084 2115 diffinitionis

71 2144 225 2203 conversio
247 2145 414 2203 manifesta.

162 2225 412 2309 moerorique)
438 2237 538 2291 autern
556 2233 639 2308 dixit,
663 2234 741 2310 quod
764 2237 933 2309 punctum
952 2238 1005 2292 est
1029 2254 1083 2292 ex-

70 2322 239 2382 tremitas
262 2341 330 2381 non
348 2321 480 2381 habens
499 2322 768 2398 dimensionem,
792 2326 854 2381 aut
872 2323 1082 2382 extremitas

68 2411 175 2470 linee,
1097 2431 1123 2471 ss

164 2498 221 2557 Sed
244 2499 382 2560 diffinitio
409 2501 505 2577 magis
527 2500 695 2576 propinqua
716 2500 876 2560 intentioni
903 2504 960 2574 est,
983 2504 1017 2558 nt
1040 2501 1082 2559 di·

72 2590 168 2663 catur,
187 2588 266 2663 quod
284 2591 457 2664 punctum
480 2592 546 2664 est,
570 2589 662 2664 quod
680 2608 748 2647 non
766 2589 874 2647 habet
892 2589 1082 2649 dimensio·

71 2697 151 2735 nem
175 2677 398 2752 quantitatis
427 2678 609 2753 continue,
636 2677 768 2736 habens
796 2678 912 2736 situm.
963 2679 999 2736 In
1027 2679 1083 2737 hac

72 2765 154 2826 enim
181 2765 357 2824 diffinitione
389 2766 560 2842 appositum
590 2768 634 2824 est
666 2767 761 2825 maius
789 2785 894 2844 genus,
927 2767 1006 2843 quod
1038 2770 1083 2825 est

72 2854 241 2931 quantitas,
270 2873 360 2930 qnam
388 2855 562 2914 continuum
584 2855 729 2931 divisivit,
758 2875 812 2932 per
835 2856 915 2932 quod
937 2859 1082 2931 punctum
1096 2877 1121 2916 so

71 2946 231 3019 separatur
255 2943 290 3002 ab
313 2944 440 3004 unitate.
484 2943 549 3002 Hoc
572 2947 624 3020 est,
648 2944 734 3020 quod,
757 2945 827 3003 licet
849 2945 949 3003 unitas
977 2946 1016 3004 sit
1038 2946 1082 3003 in·

71 3032 181 3107 divisa,
209 3035 254 3090 est
280 3034 381 3091 tamen
409 3033 587 3108 quantitatis
615 3032 746 3092 discrete.
796 3033 861 3093 Hoc
888 3029 988 3092 autem
1014 3054 1081 3110 pro-

144 3188 293 3288 13sparte.
313 3251 346 3260 -
368 3227 408 3274 14.
428 3219 598 3288 quesierit.
619 3253 651 3261 -
672 3224 713 3275 28.
733 3220 872 3274 habentis.

144 3418 170 3486 1)
190 3415 257 3481 Quis
277 3415 314 3469 sit
332 3415 477 3471 Hmurnns
496 3415 598 3472 nescio.
633 3417 678 3470 An
695 3416 843 3472 Hrnonns?
872 3448 904 3456 —
934 3418 960 3486 2)
978 3415 1080 3470 Nescio

71 3485 168 3556 etiam,
187 3486 250 3556 quis
270 3487 308 3541 sit
324 3487 520 3543 Arosnnnnrus.

904 3577 943 3629 sk
