2408 3848
438 105 721 162 PROLEGOMENA.
979 106 1082 161 XXVII

144 268 178 321 In
200 265 292 336 prima
312 266 442 320 columna
460 269 570 322 textum
589 267 737 337 Graecum,
766 267 798 321 in
820 268 943 322 secunda
964 267 1083 322 formam

73 346 168 417 ipsum
186 345 345 416 fragmenti,
365 346 395 399 in
412 346 499 400 tertia
516 348 626 402 textum
643 347 721 401 illius
740 365 804 402 cum
822 347 1017 402 additionibus
1035 365 1083 402 ne-

74 426 204 482 cessariis
214 426 301 482 talem
310 425 461 496 posuimus,
476 426 568 495 qualis
582 426 721 497 principio
735 426 822 482 fuisse
833 427 915 482 nobis
925 427 1081 482 videbatur.

74 509 262 577 interpretem
284 506 410 561 codicem
431 507 534 562 litteris
558 507 721 562 maiusculis
745 508 879 578 scriptum
901 507 932 561 in
951 506 1082 562 manibus

73 587 209 642 habuisse
228 587 326 641 statim
344 589 432 656 patet.
476 587 536 653 Quo
560 586 636 641 enim
658 587 715 641 alio
738 589 821 642 modo
844 587 969 658 intelligi
988 590 1084 657 potest

72 668 166 724 versio
185 667 237 722 illa
254 666 312 736 (fol.
324 665 363 737 1¹³,
379 671 507 738 21-22):
525 669 617 738 „qaod
634 675 724 723 uatem
741 669 852 737 septimo
865 673 965 735 aoao“,
983 667 1040 721 nisi
1052 667 1083 721 in

73 747 172 802 codice
194 748 343 817 legebatur
361 749 523 817 ΤΩΙΔΕΖΘ,
548 749 576 801 et
598 747 736 816 interpres
754 750 800 803 ΔΕ
822 765 873 817 pro
891 747 1032 817 particula
1051 744 1082 802 ol

72 827 179 898 posuit,
197 827 244 880 vel
257 826 316 896 (fol.
327 832 365 895 2⁸,
381 831 496 898 14—15)
510 827 574 882 illa:
593 829 797 897 ‚peramplum
810 830 885 884 acar
894 829 1083 884 tricentissimo

73 915 101 964 et
118 908 421 978 quadriapeatissimffl,
443 907 499 961 nisi
518 907 605 961 codex
623 907 755 975 praebuit
775 909 925 978 ΚΑΙΟΕΤΥ,
944 910 973 962 et
992 911 1034 963 0(
1053 907 1083 961 in

72 990 118 1043 Ω(
140 988 360 1042 transmutatum
384 989 444 1042 est?
488 987 595 1041 Eodem
617 987 701 1041 modo
724 987 772 1042 fol.
794 987 837 1057 lb,
861 987 879 1042 l.
896 993 928 1042 16
948 990 977 1042 et
996 994 1029 1042 19
1052 987 1083 1041 in

73 1073 187 1122 ΗΒΓΑ
210 1067 347 1136 interpres
370 1067 496 1121 litteram
515 1072 545 1121 Η
564 1083 615 1136 pro
635 1067 790 1138 articulorl
815 1066 936 1122 admisit.
974 1067 1029 1122 Sed
1048 1067 1082 1121 de
1141 1124 1144 1129 .

72 1147 119 1202 his
144 1148 288 1202 haetenus.
332 1147 501 1218 Philologis,
529 1165 586 1202 non
608 1147 809 1203 mathematico
833 1146 934 1202 dehis
957 1150 1082 1202 tractan-

72 1227 142 1280 dum
160 1225 221 1281 erit.

145 1306 252 1361 Eodem
269 1309 403 1377 tempore,
423 1325 478 1377 quo
496 1307 704 1378 Ars-Nummus,
723 1309 822 1361 Annua
836 1329 887 1362 unu
900 1309 984 1363 stur
1002 1307 1081 1363 vixit.

72 1388 102 1441 Is
120 1385 151 1440 in
169 1385 290 1456 epistola
308 1387 343 1440 de
360 1387 540 1457 proportione
559 1389 588 1441 et
605 1388 870 1458 proportionalitate
889 1389 993 1458 scripta
1006 1389 1082 1458 frag-

71 1469 200 1522 mentum
212 1467 333 1521 Hsnours
348 1467 469 1522 servavit
482 1485 539 1522 una
553 1485 616 1522 cum
630 1467 720 1522 altero
733 1468 890 1538 fragmento
904 1469 1080 1522 Ascnmnnrs.

72 1547 149 1600 Bene
167 1545 256 1617 igitur
273 1547 355 1602 nohis
373 1547 465 1602 visum
483 1550 534 1618 est,
553 1547 606 1602 hoc
625 1564 736 1616 quoque
754 1547 943 1617 fragmentum
960 1547 1004 1600 his
1018 1565 1082 1616 pro-

72 1626 229 1696 legomenis
244 1627 346 1682 addere
362 1629 515 1682 secundum
528 1627 679 1682 lectionem
689 1627 798 1682 Codicis
809 1632 878 1681 5277
888 1626 1082 1681 Bibliothecae

71 1705 300 1761 Vindobonensis
314 1706 470 1762 Palatinae.
494 1708 570 1762 Haec
586 1707 714 1778 epistola,
729 1724 814 1776 quam
827 1706 903 1761 idem
918 1706 1081 1761 Gunmnus

72 1802 109 1840 ex
126 1786 247 1841 Arabico
266 1786 352 1841 vertit
360 1787 387 1857 ¹),
407 1787 456 1856 qui
474 1790 503 1842 et
521 1788 724 1841 Ais-Ninnzruu
742 1787 772 1841 in
785 1787 917 1842 Latinam
935 1786 1082 1840 transtulit

71 1865 208 1936 linguam,
226 1866 299 1920 nihil
318 1866 396 1920 aliud
415 1869 458 1921 est
471 1867 527 1921 nisi
541 1867 757 1935 commentarius
776 1867 812 1921 ad
831 1867 961 1936 quintum
978 1866 1082 1920 librum

71 1945 282 2001 Elementorum
290 1947 420 2001 Eucnmrs
435 1950 464 2002 et
478 1948 514 2001 ad
528 1947 608 2001 illam
622 1948 749 2001 Marsum
761 1947 989 2017 propositionem,
1009 1963 1081 2015 quae

72 2026 183 2097 „sipara
199 2027 327 2082 scamis‘
344 2025 517 2096 nominatur,
541 2029 570 2081 et
592 2043 650 2096 qua
671 2026 702 2080 in
721 2026 892 2081 astronomia
910 2028 939 2080 et
956 2025 1082 2096 trigono-

72 2105 175 2160 metria
198 2106 345 2175 sphaerica
369 2123 477 2176 semper
499 2107 653 2161 utebantur
671 2108 830 2176 geometrae
853 2104 998 2175 usquead
1021 2123 1081 2160 sae·

72 2186 167 2240 culum
184 2186 257 2241 XVI.
294 2187 493 2256 Fragmentum
510 2186 583 2240 illud
602 2186 739 2241 eiusmodi
757 2189 808 2241 est.

143 2284 193 2338 Ec
228 2285 317 2339 codice
357 2285 560 2340 Vindoboaensi
595 2286 728 2340 Palatino
762 2289 837 2340 5277
874 2286 993 2353 (Philus.
1027 2288 1081 2353 68)

71 2365 121 2432 fol.
141 2367 254 2434 309⁶sq.

145 2443 177 2497 In
196 2446 343 2498 carastone
362 2461 481 2514 quoque,
501 2461 564 2498 oum
578 2444 663 2498 fuerit
676 2444 916 2514 perpendicularis
931 2444 990 2498 eius
1005 2444 1081 2512 equi-

72 2523 182 2578 distans
206 2523 363 2593 superficiei
380 2523 546 2593 horizontis,
571 2524 625 2578 erit
648 2524 791 2594 proportio
809 2524 944 2594 longioris
964 2524 1082 2578 duarum

71 2602 197 2673 partium
218 2602 308 2672 ipsius
332 2603 369 2658 ad
391 2603 546 2658 breviorem
569 2620 665 2658 earum
689 2605 762 2659 sicut
779 2605 923 2674 proportio
946 2604 1080 2674 gravioris

73 2683 205 2752 ponderis
225 2683 262 2737 ad
282 2683 370 2737 levius
388 2684 506 2754 pondus.
534 2685 571 2738 Et
589 2685 619 2737 in
638 2684 743 2738 chorda
761 2683 851 2738 divim
870 2701 933 2737 cum
950 2685 1081 2753 portante

72 2763 127 2817 erit
148 2763 293 2832 proportio
315 2763 450 2833 longioris
474 2763 606 2818 sectionis
630 2765 667 2819 ad
689 2764 824 2819 minorem
847 2764 920 2818 sicut
937 2761 1080 2834 proportio
1108 2772 1121 2813 5

71 2843 148 2898 vocis
167 2843 283 2898 minoris
302 2844 339 2898 ad
356 2861 452 2898 vocem
470 2842 634 2913 longiorem,
654 2862 716 2898 cum
734 2844 929 2915 percutiuntur
947 2861 1010 2897 cum
1024 2859 1081 2896 una

70 2940 101 2978 re
125 2926 155 2978 et
177 2940 235 2977 una
256 2923 392 2994 potentia.
433 2925 494 2978 Iam
517 2940 583 2994 ergo
607 2924 779 2978 ostendimus
802 2923 1000 2978 diffinitionem
1016 2939 1080 2992 pro·

70 3002 295 3074 portionalitatis
319 3004 358 3074 ei,
386 3004 435 3073 qui
457 3004 541 3058 huius
565 3003 764 3058 declarationis
788 3003 915 3057 ordinem
938 3005 1079 3058 assecutus

71 3085 129 3153 est,
157 3086 187 3137 et
209 3083 279 3152 quid
301 3100 403 3138 nomen
426 3084 486 3138 eius
511 3082 651 3153 significet
674 3083 712 3152 ei,
741 3083 790 3152 qui
807 3083 883 3137 hunc
901 3083 1081 3151 consequitur

73 3161 214 3231 ordinem,
232 3179 291 3226 ne..
306 3162 355 3230 qui
372 3163 445 3217 hanc
464 3164 632 3233 consyderat
651 3163 811 3233 epistolam,
836 3162 873 3217 ab
892 3163 945 3216 hac
964 3162 1081 3217 scientia
1095 3178 1121 3216 ro

71 3241 110 3296 sit
122 3258 235 3296 vacuus.
263 3242 418 3296 manninas
433 3260 543 3312 quoque
557 3244 712 3313 ponderum
725 3243 935 3313 proportionem
949 3241 1081 3296 diffinivit

70 3320 181 3377 dicens:
201 3323 350 3390 „Pondere
363 3321 584 3392 proportionalia
603 3325 711 3380 diuerso
728 3330 801 3391 eraut,
820 3340 890 3393 qaae
907 3339 963 3378 ano
977 3323 1081 3392 pericle-

144 3484 172 3552 1)
190 3481 294 3538 Videas
312 3483 546 3538 Boucoumouruu
563 3483 610 3538 ll.
630 3501 657 3554 p.
673 3489 698 3554 ὅ,
716 3482 737 3539 l.
750 3488 778 3538 8.
