2408 3848
381 145 431 198 AD
449 143 636 200 EUCLIDEM
653 145 719 200 ΗΒ,
734 144 767 200 V.
1015 144 1080 208 159

44 314 169 375 finitas
191 314 335 390 secunda,
364 333 420 389 que
443 312 585 372 remansit
608 332 643 370 ex
666 314 808 389 secunda,
837 333 904 373 eum
926 318 1080 373 mensurat

50 403 165 481 ipsam
193 402 398 480 superfluitas,
427 422 484 478 que
507 402 649 461 remansit
672 421 707 460 ex
729 403 836 477 tercia,
858 403 956 462 minor
978 422 1079 479 super-

44 492 193 569 fluitate,
218 512 276 568 que
298 492 442 551 remansit
464 511 499 550 ex
521 491 628 564 tercia,
651 510 746 566 neque
769 510 903 568 unquam
920 492 1081 552 removerit

47 592 98 643 Se
119 581 284 641 multitudo
307 580 537 640 mensurationis
558 580 799 655 superfluitatum
820 581 965 657 usquein
983 581 1079 638 infini-

51 671 147 730 tum:
171 672 245 730 tuno
268 669 466 746 quantitatee,
490 689 546 745 que
570 671 658 727 erunt
680 670 843 728 seeundum
865 670 941 729 hano
963 670 1079 728 habitu·
1107 681 1123 721 ⁵

55 758 176 836 dinem,
200 759 342 818 dieantur
364 759 608 834 proportionatae,
632 759 742 822 eterit
764 759 918 834 habitudo,
942 779 999 835 que
1023 759 1080 817 erit

50 845 145 910 inter
169 867 227 925 eas,
251 847 415 907 similitudo
438 847 648 922 proportionis.

133 936 227 996 Verbi
259 937 365 1014 gratia.
420 935 535 996 Ponam
565 936 693 1011 primam
725 937 927 1011 quantitatem
958 938 1013 1010 ab,
1050 940 1081 995 et

60 1025 227 1085 secundam
252 1027 310 1100 φά,
338 1027 369 1082 et
390 1024 514 1083 terciam
538 1042 584 1100 er,
609 1027 638 1082 et
661 1043 784 1099 ponam,
806 1028 842 1083 ut
865 1027 907 1084 ob
929 1029 1080 1084 mensuret

64 1117 110 1184 od
131 1114 176 1174 bis
200 1114 362 1173 seeundum
386 1113 586 1189 quantitatem
605 1112 717 1171 scilieet
733 1115 783 1189 pb,
801 1115 843 1189 bt,
868 1117 897 1172 et
916 1115 1080 1190 superfluat
1095 1127 1123 1165 ro
1193 1186 1196 1193 ὁ

87 1281 345 1339 omab'

97 1354 259 1394 r—r-—i-a

85 1461 271 1570 t--l
417 1460 507 1568 tlt-l

494 1637 513 1744 r
897 1637 1069 1746 i-r

65 1845 103 1904 ta
116 1843 223 1903 minor
245 1844 300 1917 ab,
330 1846 361 1901 et
382 1845 535 1900 mensuret
558 1843 649 1901 etiam
669 1843 713 1916 qd
736 1840 839 1899 eadem
860 1842 1083 1900 mensuratione

10 1936 12 1941 ’
35 2000 43 2027 x
66 1951 116 2010 os,
138 1932 257 1992 seilieet
281 1932 326 2005 et,
348 1933 394 2008 at,
418 1933 449 1989 et
471 1931 636 2006 superfluat
659 1933 701 2006 la,
724 1931 821 1991 minor
841 1933 898 2005 φάς
923 1933 953 1989 et
976 1931 1081 1989 deinde

66 2021 161 2081 etiam
182 2023 335 2079 mensuret
357 2022 394 2080 ot
416 2021 465 2095 ab,
489 2024 520 2078 et
541 2039 659 2095 ponam,
682 2022 717 2078 ut
739 2020 830 2078 etiam
847 2023 998 2079 mensuret
1016 2039 1082 2078 eam

63 2110 121 2186 bis,
144 2109 258 2169 scilieet
281 2128 342 2185 om,
366 2128 429 2184 ma,
453 2110 483 2166 et
505 2109 669 2184 superfluat
691 2111 734 2167 ab
757 2109 854 2168 minor
877 2112 924 2183 aa
948 2113 979 2168 et
1000 2129 1080 2168 men-

62 2202 151 2260 suret
173 2199 204 2258 la
225 2198 330 2256 eadem
351 2198 572 2256 mensuratione
595 2199 638 2272 td,
662 2198 782 2272 seilicet,
806 2203 844 2273 ts,
862 2215 907 2272 sq,
931 2202 962 2256 et
980 2208 1123 2273 super-15

65 2288 144 2347 fluat
170 2288 213 2361 qd
240 2287 338 2346 minor
365 2288 408 2360 ιη
437 2289 467 2344 et
493 2305 553 2345 non
577 2289 748 2344 removetur
770 2287 824 2344 heo
846 2286 1020 2345 vicissitudo
1044 2287 1080 2345 ab

62 2377 112 2437 his
133 2375 237 2435 tribus
268 2375 488 2451 quantitatibus
517 2393 637 2434 currens
660 2375 746 2450 sequi
769 2375 963 2450 equalitatem
985 2394 1080 2450 usque

63 2467 100 2526 in
121 2463 285 2523 infinitum:
309 2465 366 2522 erit
383 2483 454 2542 ergo
473 2467 544 2522 tuno
562 2464 616 2522 heo
634 2463 777 2523 habitudo
796 2458 983 2542 (habitudo)
1001 2464 1080 2522 simi-

63 2553 205 2614 litudinis
224 2553 435 2630 proportionis,
458 2555 488 2611 et
506 2556 552 2611 est
569 2553 842 2628 proportionalitas,
864 2571 921 2627 que
940 2555 986 2610 est
1003 2553 1082 2611 inter

66 2642 263 2720 quantitates.
304 2643 345 2700 Et
366 2642 520 2717 habitudo,
545 2661 602 2717 que
626 2644 671 2700 est
693 2641 772 2700 inter
795 2641 980 2717 quantitates
1004 2660 1080 2702 eom·
1096 2653 1125 2693 2⁰

63 2730 269 2806 munioantes,
297 2734 342 2790 est
365 2730 527 2791 eommunis
552 2731 721 2806 quantitate
745 2729 869 2789 discreta
893 2733 923 2788 et
946 2730 1082 2790 omnibus

66 2819 292 2896 quantitatibus
320 2820 481 2896 continuis,
510 2838 576 2878 oum
603 2820 716 2878 fuerint
740 2819 1002 2893 communicantes,
1030 2819 1083 2878 sed

64 2910 122 2969 heo
150 2908 306 2984 habitudo,
335 2927 392 2984 que
420 2912 466 2968 est
493 2908 670 2984 sectionum,
698 2911 744 2967 est
765 2908 887 2984 propria
909 2909 940 2966 in
964 2908 1082 2983 quanti-

64 2996 183 3058 tatibus
206 2997 362 3058 eontinuis.

129 3084 176 3145 {ns
198 3085 243 3144 ita
266 3087 356 3146 etiam
378 3089 464 3162 esset,
488 3085 513 3143 si
535 3104 710 3161 poneremus
734 3088 865 3162 quatuor
889 3085 1082 3162 quantitates
1096 3095 1123 3135 25

65 3179 100 3236 et
118 3175 369 3251 foret=proportio
380 3175 482 3252 prime
497 3175 540 3233 ad
558 3174 717 3234 seeundam
735 3174 812 3234 siout
824 3175 977 3251 proportio
991 3174 1082 3233 teroie

65 3264 109 3324 ad
125 3267 282 3340 qimrtam.
328 3264 420 3324 Verbi
446 3264 554 3342 gratia.
600 3263 763 3339 Ponamus,
791 3266 827 3323 ut
852 3265 893 3324 ab
916 3264 956 3322 sit
970 3263 1082 3339 prima,

65 3357 99 3413 et
123 3352 256 3413 secunda
276 3355 333 3429 pd,
362 3356 393 3412 et
419 3353 513 3412 tercia
541 3370 588 3428 ea,
615 3355 646 3412 et
670 3355 778 3428 quarta
799 3354 846 3427 bt3
865 3355 906 3411 et
927 3370 1082 3429 ponamus,

140 3527 165 3579 9.
184 3524 369 3578 mensuretur.
388 3555 422 3563 -
443 3528 483 3578 11.
504 3525 533 3578 et
551 3522 648 3578 minor.
