2408 3848
117 137 182 200 214
403 135 568 189 ANARITII
586 133 843 190 COMMENTARH

117 305 341 381 „dividamus
370 304 502 364 lineam
530 304 745 378 diffinitam,
778 323 853 362 cum
886 322 956 378 qua
984 302 1124 378 relique

115 394 212 453 linee
231 393 515 468 ratiocinantur,
535 397 569 452 et
587 394 695 468 linee,
713 413 780 468 que
800 391 1061 452 communicant
1080 391 1125 465 ei,

115 486 199 542 sunt
228 483 443 558 rationales,
477 486 512 541 et
539 502 605 557 que
634 483 665 540 ei
693 482 1012 555 incommunicant,
1041 484 1126 540 sunt

113 569 382 631 irrationales“.

87 671 101 712 ⁶
203 661 287 719 Dixit
305 661 477 720 Eucnmns:
509 660 619 728 Maec,
644 677 677 718 ex
700 678 758 734 quc
782 664 823 718 cst
845 661 1023 732 quadratum
1041 653 1123 736 (tr)-

112 751 265 818 ratc'occle,
289 754 330 808 cst
353 752 438 808 atam
459 750 649 808 irrationalis.

203 837 278 897 (lum
310 838 385 896 dixit
422 838 659 913 „quadratum
690 832 990 916 <ir>rationale“,
1027 836 1125 895 voluit

112 927 243 1003 intelligi
261 927 447 1002 quadratum,
472 927 550 1002 quod
568 925 736 1002 superficies
754 945 814 985 non
827 928 988 999 mensurat,
1011 925 1125 984 scilicet

113 1035 173 1074 non
195 1016 346 1075 invenitur
373 1016 400 1074 ei
424 1015 577 1091 quantitas
600 1015 793 1091 superficialis
820 1033 993 1073 mensurans
1016 1015 1123 1090 ipsum.

73 1117 100 1156 10
113 1105 154 1162 ut
178 1105 248 1180 quia
272 1104 484 1180 quadratorum
507 1105 546 1162 ad
567 1104 695 1163 invicem
717 1104 870 1180 proportio
895 1107 940 1162 est
958 1103 1035 1162 sicut
1053 1122 1121 1179 pro-

112 1194 211 1269 portio
234 1194 362 1251 laterum
385 1194 518 1270 ipsorum
541 1193 728 1252 adinvicem
751 1193 915 1268 duplicata,
942 1195 972 1250 et
994 1211 1054 1251 non
1078 1196 1124 1250 est

114 1282 302 1358 quadratum,
325 1283 405 1358 quod
427 1285 577 1342 mensuret
595 1282 774 1359 quadratum
791 1279 974 1356 irrationale,
997 1300 1056 1339 non
1078 1285 1124 1339 cst

114 1371 253 1446 quadrati
275 1371 458 1430 irrationalis
482 1372 520 1429 ad
543 1371 635 1430 alium
658 1371 836 1447 quadratum
859 1369 1012 1446 proportio
1031 1370 1122 1428 ratio-

112 1461 197 1520 nalis.
253 1461 321 1520 Non
354 1464 399 1520 est
425 1460 518 1538 igitur
546 1460 638 1519 etiam
667 1460 819 1536 proportio
846 1459 950 1517 lateris
981 1459 1122 1534 quadrati

73 1562 98 1602 1⁵
114 1549 296 1609 irrationalis
325 1550 363 1607 ad
390 1550 485 1608 lineas
509 1568 609 1608 omnes
637 1549 790 1625 proportio
813 1547 982 1621 rationalis,
1009 1548 1122 1606 scilicet

112 1657 172 1698 non
191 1639 350 1713 invenitur,
374 1639 453 1714 qnod
470 1638 573 1696 lateris
593 1637 734 1713 quadrati
751 1632 975 1716 <ir>rati0nalis
997 1636 1036 1695 sit
1054 1656 1121 1711 pro-

112 1728 210 1804 portio
233 1727 389 1786 rationalis
412 1727 451 1784 ad
474 1727 606 1801 aliquam
628 1726 738 1783 lineam
760 1726 960 1785 rationalium.

199 1817 316 1874 Prime
340 1815 458 1891 figure
482 1807 663 1894 additiol).

200 1905 263 1962 Hec
285 1904 381 1981 figura
411 1906 457 1962 est
484 1903 659 1961 antecedens
683 1903 761 1976 eius,
794 1923 850 1978 que
883 1922 949 1961 eam
977 1903 1120 1978 sequitur,

71 2005 98 2046 ao
113 1992 193 2067 quod
214 1993 281 2052 ideo
302 1996 354 2067 est,
378 1992 528 2067 quoniam,
552 2010 618 2050 cum
636 1991 834 2067 acceperimus
854 2011 888 2050 ex
906 1991 1120 2067 multiplicibus

110 2081 233 2140 minoris
256 2081 288 2138 in
310 2080 425 2155 maiori,
448 2081 540 2140 donec
559 2081 688 2157 supersit
706 2080 856 2139 residuum
875 2080 1003 2140 existens
1022 2081 1120 2140 minus

110 2170 233 2246 minore,
254 2172 325 2228 tunc
348 2169 512 2229 necessario
536 2170 600 2245 erit,
623 2173 658 2228 ut
675 2164 854 2245 multiplicia
872 2169 927 2228 illa
945 2170 1006 2228 sint
1024 2169 1120 2227 maius

109 2259 270 2318 medietate
294 2259 472 2335 quantitatis
494 2259 623 2318 maioris.
661 2259 701 2316 Et
720 2259 865 2333 similiter,
889 2277 956 2317 oum
973 2259 1119 2334 accipitur

110 2347 143 2406 in
165 2348 278 2408 minore
302 2368 337 2407 ex
357 2348 571 2424 multiplicibus
590 2347 812 2423 superfluitatis,
836 2351 923 2406 erimt
941 2347 1120 2423 multiplicia

70 2448 96 2491 25
110 2436 165 2494 illa
196 2437 310 2496 maiora
346 2437 505 2496 medietate
535 2436 712 2512 quantitatis
748 2435 884 2509 minoris3
922 2439 952 2494 et
983 2437 1121 2495 similiter

110 2529 309 2586 necessarium
332 2531 377 2585 est
401 2527 465 2584 fieri
488 2521 596 2604 <cum>
619 2525 742 2601 reliquis
765 2524 990 2600 multiplicibus.
1035 2525 1121 2583 Dixit

32 2668 44 2697 ,
111 2633 181 2692 ergo
213 2617 245 2674 in
276 2617 332 2674 hac
359 2616 467 2693 figura:
501 2614 636 2690 „minus
668 2611 892 2689 medietate“,
926 2617 956 2672 et
984 2614 1056 2672 dicit
1088 2616 1119 2671 in

111 2744 323 2754 ὴ*-

182 2825 206 2873 6.
225 2819 387 2874 rationales.
411 2851 445 2859 -
471 2824 494 2873 7,
513 2822 546 2873 ut
564 2818 661 2874 voluit.
691 2851 724 2859 -
754 2824 795 2873 10.
816 2818 961 2888 propo1tio
981 2819 1035 2890 est]
1055 2836 1119 2888 pro-

131 2889 276 2944 ortionem.
300 2923 334 2930 —
359 2896 400 2944 15.
420 2889 605 2962 irrationalis]
624 2893 656 2944 ut
674 2889 829 2944 rationalis.
854 2922 888 2930 —
912 2889 1002 2944 lineas
1022 2907 1118 2944 omnes

123 2959 129 2971 ‘
152 2977 208 3017 cas.
230 2993 263 3002 —
283 2967 325 3016 20.
345 2961 621 3031 multiplicatoribus.
641 2993 674 3002 -
694 2967 736 3015 22.
756 2960 924 3030 multiplica.
940 2994 971 3002 —
992 2966 1034 3016 23.
1055 2978 1120 3015 cum

110 3031 260 3104 accipitur]
279 3049 342 3086 eam
361 3032 471 3102 accipit.

182 3229 208 3299 1)
226 3227 362 3282 Encnmxs
376 3228 410 3296 X,
427 3233 441 3282 1
456 3227 608 3299 <emarus
623 3230 651 3283 et
664 3228 832 3282 Hnmsxems
851 3227 950 3298 idem):
970 3227 1002 3282 Si
1016 3245 1033 3280 a
1047 3229 1117 3282 duo-

81 3364 84 3369 ,
109 3298 161 3356 bue
233 3300 378 3356 attractus
395 3301 569 3370 inequalc'bce
583 3301 731 3370 propositis
749 3301 839 3354 maius
857 3301 973 3355 dimidio
987 3317 1006 3352 a
1019 3301 1120 3354 maiori

82 3374 96 3399 '·
119 3432 122 3437 ,
272 3412 282 3439 ,
299 3372 413 3441 itemque
430 3373 463 3426 de
480 3372 584 3441 reliquo
601 3373 692 3426 maius
710 3372 824 3426 dimidio
843 3372 976 3438 dematur,
994 3372 1120 3439 deinceps

80 3316 324 3624 Qudne
346 3442 437 3509 cwdc,
464 3459 566 3498 necesse
587 3449 638 3509 est,
664 3449 696 3497 ct
718 3443 826 3497 medem
844 3443 947 3498 minore
962 3442 1118 3512 positarum

231 3590 234 3595 Ι
304 3514 358 3569 itae
375 3514 554 3584 relinquatur.
