2408 3848
402 177 452 230 AD
466 175 656 231 'EUCLIDEM
675 175 741 229 LIB.
756 175 801 230 IX.
1048 175 1110 238 199

97 367 172 406 rum
190 365 257 404 non
277 345 437 404 cubicum
455 342 737 421 multiplicatur,
760 344 1025 420 superficialia,
1047 343 1111 418 qui

97 437 178 495 inde
197 437 431 513 aggregatur,
451 436 586 492 estnon
600 434 752 492 cubicus.
786 433 833 509 Et,
854 452 929 491 cum
943 450 1110 490 numerus

100 523 185 601 [non]
214 524 359 583 cubicus
383 523 610 597 multiplicat
632 542 828 597 numerum,
857 525 891 580 et
913 522 1005 598 quod
1028 522 1110 578 inde

98 614 280 689 provenit,
304 616 444 671 estnon
463 611 623 684 cubicus,
646 615 729 670 tunc
748 629 929 685 numeruS,
953 611 989 668 in
1008 630 1110 685 quem

97 703 169 760 fuit
200 701 484 777 multiplicatus,
517 702 570 757 est
601 719 668 757 non
702 701 860 776 cubicus3
894 704 924 758 et
951 700 1028 757 illud
1056 703 1109 773 est,
1137 710 1150 749 5

97 793 178 867 quod
201 792 401 849 demonstrare
424 788 582 848 voluimus.

186 880 284 948 Quod
326 879 504 955 sequitur,
545 877 664 953 figure
703 876 909 935 duodecime
947 877 1110 936 additum

98 973 159 1027 est.
167 962 192 1049 1)
248 966 406 1026 Ostensum
438 970 496 1041 est,
537 966 629 1041 quod,
666 960 733 1043 <si>
770 985 870 1024 omnes
907 967 964 1025 duo
995 967 1110 1024 numeri

96 1057 381 1116 incommunicantes
410 1050 523 1132 (sunt)
555 1054 682 1112 minores
709 1055 826 1112 numeri
854 1056 1016 1114 secundum
1042 1075 1109 1130 pro-

96 1146 272 1220 portionem,
293 1148 322 1202 et
341 1147 411 1202 sunt
428 1146 618 1202 numerantes
638 1161 738 1201 omnes
757 1143 830 1201 duos
848 1163 986 1202 numeros
1005 1163 1107 1202 secun·
1125 1161 1151 1200 ro

97 1235 170 1290 dum
187 1233 408 1307 proportionem
427 1251 512 1291 suam
531 1231 677 1307 equaliter
694 1231 791 1288 minor
809 1232 952 1290 minorem
972 1235 1001 1290 et
1015 1233 1110 1292 maior

97 1321 252 1396 maiorem,
279 1339 396 1378 necesse
425 1316 525 1398 (est),
557 1323 593 1378 ut
619 1320 735 1377 numeri
762 1319 853 1394 positi
881 1321 941 1378 sint
972 1324 1108 1396 quatuor,

97 1409 238 1485 quatinus
274 1429 339 1468 oum
376 1427 517 1468 numerus
549 1408 661 1484 primus
693 1409 862 1468 numeravit
894 1401 1031 1484 tercium,
1068 1410 1110 1469 sic

96 1499 242 1557 secundus
269 1517 409 1557 numerus
436 1501 573 1556 numerat
601 1500 750 1573 quartam,
778 1500 808 1555 et
835 1498 915 1572 quod
944 1497 1056 1572 primus
1080 1503 1110 1556 et

96 1588 242 1646 secundus
279 1588 338 1646 sint
374 1587 664 1646 incommunicantea
727 1586 868 1645 Probatio
990 1590 1110 1644 tantum
1125 1602 1150 1642 15

96 1677 275 1752 proveniunt
301 1677 431 1751 numeri,
463 1676 514 1752 qui
542 1679 611 1734 sunt
637 1675 754 1734 numeri
782 1694 808 1750 e,
836 1680 859 1750 t,
888 1694 914 1733 o.
967 1674 1025 1732 Sed
1052 1674 1110 1749 ipsi

96 1769 166 1823 sunt
184 1766 429 1841 proportionales,
449 1768 478 1823 et
496 1765 610 1841 primus
625 1768 655 1823 et
669 1765 816 1824 secundus
831 1767 901 1823 sunt
915 1763 1109 1822 incommuni-

95 1856 206 1914 cantcs.
238 1855 320 1913 Dicit
339 1875 408 1932 ergo
428 1854 545 1931 aliquis,
565 1855 645 1929 quod
663 1854 775 1930 primus
789 1857 926 1912 numerat
940 1853 1109 1927 secundum,

96 1946 126 2000 et
149 1962 208 2002 non
227 1947 272 2002 est
290 1962 407 2002 necesse
425 1943 492 2017 nisi,
515 1947 549 2002 ut
566 1946 704 2002 numerat
720 1943 854 2017 tercium,
874 1962 943 2019 ergo
964 1941 1109 2016 convenit,

95 2035 130 2089 ut
157 2051 297 2091 numerus
325 2052 345 2091 o
371 2032 403 2090 in
431 2032 545 2091 duobus
572 2035 702 2107 ponatur
724 2032 809 2106 locis,
838 2032 930 2090 donec
952 2031 1109 2107 proveniat
1124 2049 1150 2088 ro

96 2139 238 2179 numerus
261 2124 392 2196 quartua
435 2121 515 2198 Ergo
539 2121 595 2178 erit
617 2120 770 2196 proportio
793 2121 908 2178 numeri
930 2121 1019 2196 primi
1039 2139 1053 2179 e
1071 2122 1109 2179 ad

95 2229 250 2267 numerum
264 2210 400 2284 equalem
413 2228 536 2268 numero
547 2229 574 2284 o,
589 2209 640 2284 qui
655 2211 701 2267 est
714 2210 868 2285 secunduS,
883 2209 1109 2268 sicutnumerus

94 2298 205 2356 tercius
220 2317 239 2356 o
257 2298 296 2355 ad
314 2302 492 2356 numerumt
510 2302 660 2372 quartum.
694 2297 752 2355 Sed
770 2293 911 2355 nu'merus
926 2316 940 2357 c
957 2293 1046 2376 <est>
1064 2299 1108 2356 in-

95 2387 316 2444 communicans
338 2406 460 2446 numero
480 2405 499 2444 o
522 2387 619 2461 posito
643 2386 742 2462 equali
764 2406 887 2444 numero
906 2406 934 2462 o,
958 2406 1027 2464 ergo
1050 2387 1109 2462 ipsi

95 2478 253 2533 numerant
267 2476 340 2533 duos
354 2494 492 2533 numeros
506 2475 666 2534 secundum
678 2475 899 2550 proportionem
914 2494 998 2534 suam
1011 2476 1109 2534 minor
1123 2491 1149 2530 aa

95 2563 239 2621 minorem
271 2567 300 2621 et
331 2564 426 2622 maior
457 2564 600 2622 maiorem
632 2563 789 2640 equaliter,
822 2583 891 2640 ergo
924 2584 1064 2624 numerus
1095 2585 1109 2624 c

95 2652 209 2727 primus
237 2655 373 2710 numerat
404 2672 560 2710 numerum
588 2672 607 2711 o
638 2652 772 2710 tercium.
824 2652 881 2710 Sed
908 2652 969 2710 iarn
996 2654 1054 2713 fuit
1081 2655 1108 2712 ei

96 2741 360 2816 incommunicans,
388 2742 467 2816 quod
495 2745 539 2800 est
565 2741 760 2817 impossibile,
794 2745 823 2799 et
845 2741 920 2799 illud
944 2745 1000 2818 est,
1029 2745 1109 2818 quod

38 2841 77 2889 40
96 2830 296 2888 demonstrare
320 2830 475 2889 voluimua
496 2823 498 2912 l

168 3025 191 3072 3.
211 3017 423 3087 multiplicatur.
447 3049 483 3057 -
506 3023 530 3071 8.
549 3017 670 3071 Auotum
689 3020 739 3071 est.
759 3050 793 3057 —
818 3024 859 3072 12.
880 3016 948 3090 sint]
968 3017 1049 3072 sicut.
1072 3052 1107 3058 —

96 3096 138 3215 {tait
154 3088 415 3214 qqoqiprqepqiirpup.
426 3121 461 3128 -
476 3094 517 3142 15.
534 3089 600 3144 Post
613 3087 745 3143 Probatio
765 3096 832 3145 certe
847 3091 949 3145 lacerto
962 3093 1107 3146 statuenda

168 3341 193 3408 1)
168 3339 352 3392 lEucarnas
371 3338 423 3405 IX,
443 3344 488 3392 12:
521 3339 559 3391 Ia
580 3338 701 3393 cameris
723 3339 882 3394 edacitate
901 3339 1107 3407 coctiaacpro-

91 3411 295 3478 portionoltbae
313 3410 403 3463 minor
421 3410 549 3463 oratorem
566 3416 693 3463 namnet
709 3411 857 3464 secatum
875 3410 1023 3480 aliqucm'
1011 3427 1043 3464 ea
1056 3411 1107 3463 tlte

91 3482 349 3562 proportionalitate
371 3481 540 3548 dispositum.
586 3479 631 3532 An
657 3479 727 3534 haec
755 3479 864 3534 additio
888 3481 925 3534 ad
948 3479 1022 3534 hanc
1044 3497 1107 3549 p-ro

94 3551 272 3622 positionem,
291 3550 376 3605 immo
396 3551 431 3604 ad
451 3550 525 3604 hunc
543 3549 647 3604 librum
665 3550 814 3619 pertineat
834 3551 941 3605 dubito

1057 3622 1109 3629 a—
