2408 3848
396 151 445 205 AD
464 151 650 207 EUCLIDEM
668 152 735 206 LIB.
750 152 782 208 X.
1021 153 1085 217 337

77 320 258 396 quadratum
282 322 332 395 59,
355 319 388 378 in
412 324 444 395 9,
468 320 547 396 quod
571 324 615 379 555
637 323 684 396 55,
709 324 738 380 55
760 321 892 380 dividam
913 321 1011 399 ipsum
1033 343 1087 398 por

78 409 273 484 superfluum,
302 409 381 484 quod
408 412 453 468 555
479 410 557 468 intor
585 409 656 468 duos
680 410 853 486 quadratos,
883 411 962 486 quod
984 414 1029 470 ost
1053 414 1086 471 5:

77 499 233 574 proveniat
257 517 326 576 ergo
350 516 386 556 ax
409 497 552 558 divisione
576 500 632 574 45,
655 499 737 559 ouius
760 499 844 558 radix
868 502 913 559 555
935 500 1014 559 linea
1037 503 1085 560 55.

234 668 252 704 5
461 667 479 721 9
578 657 594 704 5
698 651 713 704 5
823 653 962 706 55555545
1068 654 1087 707 5

74 723 81 754 ι
401 720 464 758 ιι
664 723 1081 760 ,5----ι

463 831 914 884 55545

466 899 469 936 Ι
709 901 712 936 l
900 900 903 937 Ι

468 944 896 979 s———f-——a

633 1005 728 1043 990va

77 1137 145 1195 Erit
168 1156 238 1215 orgo
262 1137 347 1196 radix
370 1140 411 1197 45
436 1141 465 1196 55
490 1140 508 1196 5
533 1158 568 1196 ax
588 1138 717 1198 numeris
735 1137 899 1197 binomium
917 1140 1084 1216 secundum,

76 1226 156 1301 quod
179 1227 221 1285 sio
243 1227 396 1302 probatur.
438 1225 600 1286 Ostendam
623 1228 700 1287 siout
722 1227 753 1285 in
775 1228 946 1302 precedenti
963 1229 1081 1289 demon·
1110 1238 1122 1278 ⁵

74 1314 170 1374 stravi
195 1315 304 1393 figura,
334 1315 413 1392 quod
432 1317 476 1390 95
498 1319 544 1375 555
565 1315 740 1392 binomium,
769 1318 799 1374 55
822 1316 901 1391 qnod
922 1317 963 1375 55
985 1321 1085 1392 potest

75 1423 165 1479 supra
198 1406 237 1478 59
269 1423 335 1464 oum
367 1408 527 1482 augmento
559 1405 712 1480 quadrati,
747 1405 836 1463 latori
868 1404 949 1464 ouius
980 1407 1021 1465 55
1053 1406 1085 1464 in

75 1493 263 1570 longitndine
291 1494 534 1568 incommunicat,
561 1493 645 1553 ouius
673 1511 743 1553 area
771 1496 817 1552 555
843 1496 898 1569 20,
926 1514 984 1570 qua
1007 1514 1083 1554 oom-

74 1583 207 1641 munioat
229 1582 323 1642 radici
346 1584 397 1658 45,
422 1583 563 1658 quoniam
582 1584 627 1642 555
646 1574 679 1662 55,
699 1583 774 1656 aius3
798 1585 828 1641 at
847 1585 890 1658 59
905 1585 950 1641 555
967 1583 1085 1644 brevior

75 1671 175 1747 sectio,
197 1671 263 1747 ipsa
285 1671 387 1747 itaque
411 1673 442 1730 55
463 1671 540 1729 linae
562 1671 705 1730 rationali
726 1671 823 1748 posito
845 1671 877 1730 in
898 1672 1083 1749 longitudino
1099 1683 1124 1722 1⁰

75 1760 284 1820 communicat:
313 1781 383 1838 orgo
408 1761 452 1835 95
475 1763 519 1820 555
541 1760 705 1819 binomium
727 1760 902 1836 secundum,
929 1764 960 1819 55
983 1780 1083 1837 supar-

74 1848 179 1924 fluum,
208 1849 287 1924 quod
314 1852 360 1909 555
380 1849 460 1908 intor
483 1868 546 1924 aaa,
574 1850 654 1926 quod
678 1853 723 1909 ost
744 1849 829 1908 radix
852 1851 893 1908 45
918 1849 1030 1926 absquo
1055 1851 1083 1926 5,

75 1940 121 1995 ost
147 1937 298 1996 residuum
325 1938 499 2012 sooundum;
532 1942 562 1998 55
588 1939 664 1997 illud
691 1942 748 2015 555,
776 1938 855 2015 quod
883 1939 1083 1998 demonstrare

73 2025 231 2083 voluimus,
256 2058 298 2066 -

164 2113 367 2172 Binomium
388 2113 539 2173 torcium
561 2116 730 2192 reperire.
1098 2125 1123 2165 1⁵

163 2201 278 2260 Ponam
299 2202 403 2278 itaquo
425 2202 536 2261 lineam
557 2204 736 2262 rationalem
758 2223 791 2278 5,
817 2221 907 2279 quam
929 2222 1040 2280 ponam
1063 2207 1081 2263 6

75 2309 111 2347 ox
138 2291 281 2365 numeris,
310 2294 340 2350 55
367 2291 490 2368 signabo
518 2291 591 2352 duos
614 2292 774 2367 quadratos
797 2292 921 2367 primos,
949 2293 1001 2368 qui
1023 2293 1083 2352 sint

78 2382 95 2438 9
125 2381 155 2436 et
183 2381 216 2454 4,
242 2381 284 2454 95
312 2382 343 2438 55
369 2381 423 2455 55,
450 2399 545 2455 nequo
573 2381 613 2440 sit
639 2382 681 2455 59
703 2380 893 2456 quadratum3
922 2383 952 2439 55
974 2399 1083 2458 ponam

73 2487 231 2526 numerum
253 2468 355 2544 alium,
378 2469 430 2544 qui
452 2469 492 2528 sit
511 2487 533 2545 5,
557 2471 587 2528 55
605 2488 723 2546 ponam,
740 2472 776 2528 ut
793 2489 853 2528 non
871 2469 911 2530 sit
928 2471 1082 2546 proportio

74 2555 137 2614 eius
165 2557 204 2615 ad
229 2557 392 2632 quemlibet
410 2557 539 2647 duorum
561 2577 749 2618 numerorum
772 2560 824 2633 59,
852 2559 894 2618 55
917 2559 992 2618 siout
1014 2578 1082 2636 pro·
1096 2569 1123 2609 2⁰

73 2645 172 2722 portio
205 2647 320 2705 numeri
352 2647 493 2722 quadrati
524 2648 563 2706 ad
589 2666 745 2706 numerum
772 2647 963 2723 quadratum,
996 2668 1083 2724 quom

73 2753 184 2811 ponam
214 2736 246 2809 33
275 2736 372 2810 sitque
394 2737 548 2812 proportio
572 2738 611 2811 59
634 2735 673 2795 55
695 2754 710 2795 5
732 2736 810 2796 siout
832 2737 984 2813 proportio
1010 2755 1082 2813 qua-

75 2824 154 2882 drati
180 2826 220 2885 55
247 2825 285 2882 55
313 2824 492 2900 quadratum
519 2845 550 2902 5,
577 2825 731 2901 proportio
758 2844 828 2885 voro
853 2827 891 2885 55
913 2826 952 2884 55
971 2828 1016 2900 95
1039 2831 1083 2885 555

73 2913 151 2971 siout
173 2913 328 2990 proportio
351 2913 491 2989 quadrati
513 2932 533 2974 5
556 2914 594 2973 55
617 2913 794 2989 quadratum
814 2915 855 2972 55.
897 2913 960 2974 Η55
978 2916 1082 2991 itaqua

73 3022 212 3062 numeros
235 3002 440 3079 multiplicabo
464 3005 494 3061 55
516 3003 648 3062 dividam
671 3021 729 3078 eos,
752 3003 912 3062 seeundum
934 3003 1015 3079 quod
1037 3005 1079 3062 fo·
1094 3012 1119 3052 2⁵

75 3091 167 3150 oimus
195 3092 227 3150 in
253 3091 424 3168 praoodanti
449 3091 554 3169 figura.
600 3091 651 3150 Fit
678 3111 747 3169 orgo
774 3092 904 3168 primum
927 3091 1080 3168 proportio

75 3181 117 3253 59
145 3180 183 3237 55
208 3182 253 3254 95
280 3181 356 3240 siout
378 3181 532 3257 proportio
556 3180 696 3257 quadrati
717 3181 756 3241 ab
778 3181 816 3239 ad
840 3181 1017 3257 quadratum
1039 3181 1082 3255 55,

74 3269 279 3344 multiplicabo
303 3270 395 3348 igitur
418 3288 449 3346 5,
474 3270 526 3346 qui
548 3273 594 3329 est
618 3272 647 3345 6,
669 3269 701 3327 in
726 3273 754 3343 6,
778 3269 886 3328 eterit
910 3271 959 3328 36.
1007 3267 1081 3329 Con·

73 3356 215 3418 5155555,
238 3362 352 3434 autem,
380 3362 495 3436 quanta
522 3359 562 3418 sit
588 3358 741 3435 proportio
770 3363 787 3419 9
813 3358 851 3418 ad
875 3360 908 3417 3:
936 3360 981 3417 555
1004 3358 1083 3417 onim

146 3532 170 3581 9.
190 3527 311 3600 brevior]
329 3527 447 3598 longior.
467 3561 501 3569 —
522 3533 562 3584 10.
583 3530 626 3584 555
643 3527 722 3584 linea
737 3527 895 3583 rationalia
907 3525 1023 3593 podda.

130 3625 211 3666 comm,
225 3626 255 3666 ad
268 3627 358 3670 Enolr'd.
373 3628 409 3672 od.
424 3627 537 3673 Ourtzo.
914 3617 957 3662 Ὦ·
