2408 3848
388 158 438 212 AD
457 157 644 214 EUCLIDEM
661 159 727 214 LlB.
742 160 775 215 V.
1022 160 1086 224 169

74 347 197 406 sequens
221 329 298 388 sicut
315 328 469 404 proportio
488 330 505 387 b
528 327 729 387 antecedentis
748 328 825 388 add
843 348 1033 405 consequens,
1049 332 1087 387 et

73 418 226 496 proportio
252 437 272 492 9
304 417 510 492 consequentis
543 418 581 476 ad
609 436 635 492 3,
668 437 725 493 que
758 421 802 477 est
829 438 876 477 ros
905 419 977 494 3113,
1009 419 1087 477 31331

73 507 226 584 proportio
250 509 270 565 d
293 506 500 582 consequentis
524 507 562 564 ad
583 524 612 581 3,
636 526 693 581 que
716 508 761 566 331
783 526 829 566 res
853 508 921 566 3113.

76 644 79 648 Α
162 596 259 655 Dixit:
282 597 544 670 Propoetiouale‘tas
561 597 731 655 tuoede’uata
750 601 798 665 est,
818 615 883 656 cum
900 599 991 670 faerit
1008 601 1087 656 aute-

76 685 175 746 eceteus
208 687 247 744 ad
279 702 452 758 cousequeus
481 687 556 744 sicat
587 687 754 745 antecedens
786 688 826 745 ad
857 704 1030 760 couseqaeus
1062 690 1088 744 et
1114 699 1129 738 ⁵

74 790 248 848 consequeus
271 775 311 832 ael
332 792 394 832 rem
417 775 509 832 altam
531 775 605 832 sicut
629 792 677 833 res
699 776 761 833 alla
784 777 824 834 aa
846 768 1053 851 autecedeus.¹)

685 863 776 922 Verbi
809 865 915 940 gratia.
973 863 1040 922 Sint
1068 882 1088 922 a

226 945 241 997 l>
287 974 288 978 ¹
453 961 471 996 a
596 955 626 1009 et
649 969 664 1010 3
687 952 900 1028 antecedentia,
926 955 957 1010 et
980 955 996 1011 b
1020 955 1089 1011 eta

153 1013 348 1053 imm-'¹
395 1015 515 1050 —l
598 1041 817 1116 consequentia,
841 1043 872 1098 et
892 1061 912 1116 9
935 1043 965 1099 31
985 1043 1005 1100 d
1028 1042 1089 1100 sint

225 1124 243 1176 d
346 1193 349 1230 Ι
384 1141 552 1233 ,ΝΕ-Ἀ,
598 1130 654 1186 due
674 1129 731 1187 3113
749 1149 809 1188 res:
833 1130 898 1189 dico
918 1149 987 1207 ergo
1007 1130 1087 1206 quod
1102 1145 1130 1184 ro

599 1218 753 1293 proportio
768 1237 787 1276 a
802 1219 1003 1278 antecedentis
1018 1220 1087 1278 adb

182 1369 185 1404 ¹
227 1315 242 1352 Ζ
456 1318 469 1354 θ
601 1325 781 1381 consequens
823 1310 868 1366 est
909 1307 985 1366 sicut
1020 1328 1088 1384 pro-

192 1372 349 1408 m*
385 1373 482 1411 ¹-'
602 1395 701 1471 portio
730 1413 744 1454 c
774 1395 975 1455 antecedentis
1008 1397 1047 1454 ad
1073 1415 1089 1456 3

76 1503 265 1560 consequens,
289 1490 319 1546 et
340 1487 494 1564 proportio
518 1487 535 1544 b
559 1483 764 1559 consequentis
788 1483 826 1542 ad
842 1503 869 1559 9,
895 1505 951 1560 que
975 1489 1019 1544 331
1042 1504 1088 1543 res

77 1574 144 1650 3113,
168 1575 244 1634 31331
264 1577 419 1653 proportio
437 1578 470 1651 d,
493 1595 550 1650 que
574 1576 619 1632 331
641 1591 687 1630 res
712 1573 780 1649 alia,
804 1573 842 1631 ad
865 1591 880 1631 3
903 1574 1087 1632 antecedens.
1104 1586 1132 1627 15

165 1663 210 1721 De
246 1666 361 1740 prima
397 1656 557 1743 figura.²)
623 1660 708 1730 Quod
740 1662 800 1720 sint
832 1663 1016 1738 quantitates
1048 1665 1089 1721 ab

76 1746 127 1829 <et
147 1748 225 1830 931>,
254 1757 284 1812 31
312 1755 424 1813 fuerint
447 1754 503 1812 due
526 1753 616 1828 lineo,
644 1753 715 1809 tune
737 1751 878 1827 possibile
903 1752 970 1827 erit,
997 1753 1032 1810 ut
1056 1771 1090 1808 33

691 1859 869 1916 unaquaque
881 1861 982 1898 earum
992 1859 1090 1899 secen-

693 1931 743 1987 tur
760 1929 948 2006 multiplicia,
970 1930 1002 1988 in
1025 1930 1089 2005 qui·

693 2019 747 2078 bus
767 2021 854 2077 erunt
868 2039 903 2077 33
916 2019 1089 2095 multiplici·
1104 2029 1133 2070 2⁰
1154 2080 1156 2084 Α

653 2171 656 2207 Ι
697 2108 776 2167 base
790 2111 852 2184 313,
873 2111 903 2168 31
916 2109 972 2168 hoo
988 2127 1090 2167 secun-

698 2197 768 2256 dum
781 2198 989 2272 probationem
997 2197 1090 2274 figure

78 2285 169 2344 tercie
196 2286 290 2360 prime
317 2287 425 2362 partis,
454 2290 483 2345 et
511 2286 648 2344 similiter
676 2285 701 2343 si
727 2287 840 2344 fuerint
867 2287 982 2364 anguli3
1011 2289 1041 2344 et
1065 2286 1091 2344 si

77 2374 191 2432 fuerint
223 2393 307 2432 arcus
341 2395 375 2432 33
405 2375 580 2451 probatione
612 2375 706 2451 figure
733 2369 833 2453 <300>
864 2375 959 2450 partis
991 2375 1089 2432 tercie.
1176 2366 1179 2374 ’

78 2462 137 2520 Sed
160 2481 227 2521 cum
249 2463 361 2521 fuerint
384 2482 508 2539 corpora
531 2464 603 2538 duo,
627 2467 699 2521 tunc
721 2463 797 2520 illud
820 2462 877 2521 erit
898 2463 1090 2539 impossibile.
1105 2472 1134 2514 25

77 2551 136 2610 Hic
167 2554 268 2610 autem
299 2552 478 2628 multiplicia
510 2553 548 2610 ad
579 2553 634 2610 hoc
666 2554 785 2610 tantum
816 2554 886 2610 sunt
915 2552 1027 2627 posita,
1059 2554 1093 2609 ut

76 2641 268 2719 imaginetur,
292 2641 372 2717 quod
394 2641 419 2699 si
442 2641 526 2715 illud,
549 2641 629 2717 quod
651 2644 697 2700 331
714 2641 746 2699 13
765 2643 806 2699 ab
826 2661 861 2698 33
878 2641 1091 2716 multiplicibus

79 2749 103 2805 3,
125 2729 217 2788 fuerit
239 2730 371 2806 duplum,
393 2724 560 2808 <duplum>
578 2729 643 2805 erit,
668 2730 747 2805 quod
766 2732 811 2788 est
827 2729 860 2787 in
876 2731 921 2803 ad
940 2750 975 2788 33
992 2730 1092 2788 multi-

78 2818 206 2897 plicibus
228 2837 252 2894 3,
279 2823 332 2878 331
354 2813 422 2897 <31>
443 2818 535 2877 suerit
557 2819 700 2878 medietas
724 2819 796 2893 3133,
819 2812 983 2896 <medietas
1007 2814 1093 2897 erit),

79 2909 161 2984 qnod
184 2911 229 2966 331
250 2908 283 2965 13
303 2910 348 2981 931
371 2928 406 2966 33
428 2908 643 2983 multiplicibus
662 2927 687 2968 3.
733 2908 773 2966 Et
796 2906 941 2984 similiter,
965 2927 1092 2983 quecun·
1107 2919 1136 2958 ³0

152 3084 193 3133 22.
212 3076 440 3147 protractionem.

152 3259 179 3326 1)
201 3253 397 3326 Τεταραγμένη
416 3252 561 3324 ἀναλογία.

152 3330 179 3397 2)
198 3326 334 3382 Eucnmns
353 3327 387 3396 V,
408 3333 435 3382 1:
468 3326 500 3381 Si
516 3327 622 3392 fueelut
640 3328 769 3396 quotlibet
789 3330 956 3396 quantitates
974 3327 1096 3380 aliarum

79 3400 191 3453 totidem
209 3415 274 3467 eque
291 3399 461 3467 multiplices,
480 3404 530 3452 aut
546 3399 652 3469 simqulc'
669 3399 785 3468 stupetis
798 3399 914 3466 equales,
932 3404 1096 3463 sucesserat,

80 3472 305 3540 quemadmodum
323 3471 512 3524 maclarum
535 3470 572 3523 ael
590 3471 635 3524 sui
652 3484 815 3536 comparem,
836 3475 922 3522 totam
940 3482 1044 3537 quoque
1062 3485 1096 3522 ea

79 3543 124 3597 lu's
142 3547 317 3612 3993393133
335 3543 373 3596 ael
391 3557 481 3596 omues
498 3542 564 3596 illas
577 3541 685 3610 pariter
702 3545 825 3608 acceptas
844 3541 1001 3594 scitabere.
