2408 3848
392 146 442 199 AD
461 145 648 200 EUCLIDEM
665 146 731 200 ΗΒ.
746 145 779 200 X.
1019 145 1084 208 325

74 320 109 374 et
137 317 438 374 communicantes
467 319 501 373 et
529 316 758 391 superficiem
785 314 974 372 medialem
1001 333 1084 371 con-

72 407 237 463 tinentes
271 406 553 482 coniunguntur,
586 407 664 462 tota
695 405 793 462 linea
825 406 879 461 est
910 403 1017 461 surda
1050 405 1085 460 et

73 498 225 552 vocatur
247 493 438 551 bimedium
462 493 658 552 secundum.

164 582 255 640 Verbi
278 584 376 658 gratia
400 584 460 641 sint
482 583 538 640 due
561 583 638 640 linee
662 583 703 640 ab
727 585 756 640 et
775 583 822 656 bc,
845 601 903 656 que
923 581 983 639 sint
1000 580 1085 638 radix

72 672 183 729 radicis
211 671 365 729 duodecim
392 674 422 729 et
448 671 532 729 radix
559 672 667 729 radicis
692 671 783 728 trium
807 671 960 729 coniuncte
984 688 1084 728 secun·
1112 684 1124 722 5

75 761 146 816 dum
168 760 390 835 rectitudinem,
418 779 475 835 que
498 763 567 818 sunt
589 760 730 817 mediales
755 759 837 816 etin
859 760 996 835 potentia
1017 762 1084 816 tan-

73 852 138 906 tum
167 849 415 908 communicantes
444 852 474 906 et
501 848 684 907 continentes
711 848 881 906 medialem:
911 848 976 906 dico
1005 866 1084 924 erge,

74 939 154 1013 quod
182 957 224 1011 cp
248 940 293 996 est
315 938 403 995 surda
426 940 456 995 et
478 941 602 996 vocatur
623 937 784 995 bimedium
807 937 978 1011 secundum,
1006 937 1085 1012 quod

75 1028 117 1084 sic
139 1027 292 1102 probatur.
332 1026 447 1084 Ponam
470 1027 548 1084 enim
571 1028 611 1085 dc
632 1026 817 1100 rationalem,
842 1045 898 1100 que
919 1028 958 1084 sit
975 1027 1083 1100 unitas

75 1116 113 1172 ad
142 1134 232 1191 quam
260 1115 421 1192 adiungam
448 1115 632 1190 superficiem
661 1132 695 1174 ez
718 1115 853 1190 equalem
876 1115 988 1173 duobus
1012 1134 1083 1190 qua·
1098 1129 1124 1168 ro

658 1291 669 1337 t
775 1300 790 1336 r

170 1605 330 1711 qffll’
358 1625 423 1663 raca
437 1625 517 1663 rarus
531 1624 557 1662 12
584 1622 603 1712 p
656 1687 772 1693 „-

965 1709 979 1745 θ

73 1861 167 1917 dratis
191 1863 232 1918 ab
256 1864 286 1918 et
309 1863 348 1933 bp
371 1862 545 1935 coniunctis,
568 1864 598 1919 εὴ
621 1863 775 1937 proveniet
797 1862 875 1919 latus
900 1859 963 1916 eius
982 1877 1083 1916 secun-

74 1949 145 2005 dum
172 1950 224 2020 dm
253 1952 282 2005 et
309 1967 419 2023 ponam
447 1949 632 2025 superficiem
655 1952 690 2008 1εὴ
712 1951 847 2026 equalem
870 1949 960 2024 duplo
984 1966 1084 2022 super·

74 2037 152 2092 ficiei
180 2038 220 2093 ab
249 2036 280 2093 in
308 2039 360 2110 bp:
393 2038 458 2095 dico
487 2057 570 2114 ergo,
597 2033 718 2116 <qu0d>
746 2038 893 2114 quadrata
920 2039 961 2096 ab
988 2039 1018 2094 et
1046 2038 1085 2110 ὀρ

75 2125 231 2181 coniuncta
254 2127 323 2182 sunt
345 2126 481 2200 mediale,
503 2121 575 2205 (et)
598 2128 721 2202 duplum
744 2127 908 2203 superficiei
931 2127 972 2184 ab
995 2126 1026 2183 in
1046 2127 1085 2199 by

76 2215 120 2269 est
146 2213 281 2270 mediale.
326 2214 407 2290 Ergo
435 2232 610 2290 unaqueque
638 2215 763 2272 duarum
790 2215 1010 2291 superficierum
1033 2216 1084 2287 dle,
1099 2227 1124 2268 15

73 2303 109 2358 1εὴ
141 2304 185 2358 est
215 2301 352 2360 medialis
384 2304 414 2359 et
446 2302 585 2361 adiuncta
618 2303 655 2360 ad
686 2304 797 2361 lineam
828 2305 868 2362 de
893 2303 1084 2376 rationalem3

75 2408 252 2464 unaqueque
280 2391 373 2466 igitur
401 2391 525 2449 duarum
552 2392 699 2448 linearum
725 2394 778 2466 dr,
805 2396 837 2451 rt
861 2394 906 2448 est
927 2392 1083 2450 rationalis

74 2480 105 2536 in
129 2479 264 2554 potentia
288 2482 317 2536 et
339 2480 590 2538 incommunicans
614 2480 707 2538 dein
729 2480 924 2556 longitudine.
966 2477 1024 2538 sed
1043 2482 1083 2539 ab

74 2567 305 2626 incommunicat
337 2569 377 2642 by
409 2570 440 2626 in
472 2568 671 2644 longitudine,
704 2570 734 2626 et
766 2569 944 2643 quadratum
971 2571 1012 2628 ab
1040 2569 1083 2626 in·

75 2658 273 2714 communicat
300 2657 465 2733 superficiei
493 2659 534 2716 ab
561 2656 593 2714 in
620 2658 673 2732 dp,
700 2658 841 2733 quoniam
867 2677 959 2715 unum
982 2673 1124 2716 eorumne

74 2749 119 2803 est
146 2746 293 2803 rationale
321 2749 351 2804 et
379 2747 505 2804 alterum
527 2745 661 2821 surdum,
688 2749 719 2804 et
742 2746 919 2822 quadratum
942 2749 983 2805 ab
1006 2766 1083 2806 oom-

73 2835 207 2898 municat
233 2834 347 2894 duobus
370 2835 523 2911 quadratis
547 2836 587 2893 ab
611 2837 641 2893 et
664 2836 704 2909 by
726 2834 902 2911 coniunctis,
931 2837 961 2893 et
984 2854 1083 2912 super-

73 2915 153 2982 ficies
182 2925 223 2982 ab
250 2925 282 2981 in
310 2927 350 2998 by
377 2925 574 2982 communicat
600 2923 690 2999 duplo
714 2925 790 2982 eius:
818 2944 888 3002 ergo
911 2925 1002 2982 etiam
1025 2926 1083 2983 duo

75 3013 222 3087 quadrata
246 3014 287 3071 ab
310 3016 341 3070 et
363 3014 402 3086 by
425 3013 581 3070 coniuncta
603 3013 856 3071 incommunicant
874 3012 963 3088 duplo
983 3032 1082 3090 super·

73 3102 151 3159 ficiei
174 3103 215 3160 ab
239 3102 270 3158 in
294 3102 340 3174 by.
381 3101 449 3158 Duo
472 3103 573 3158 autem
596 3101 743 3175 quadrata
761 3103 802 3160 ab
821 3104 851 3159 et
869 3103 908 3175 by
927 3104 1083 3161 coniuncta
1097 3115 1123 3155 25

75 3193 222 3264 equantur
249 3188 415 3264 superficiei
443 3191 498 3264 dns,
526 3191 556 3247 et
582 3189 705 3266 duplum
733 3190 898 3266 superficiei
926 3192 1021 3249 abin
1045 3193 1084 3265 by

76 3280 120 3333 est
144 3278 248 3352 equale
272 3278 436 3354 superficiei
458 3279 505 3336 let:
530 3297 599 3355 ergo
623 3280 665 3337 dt
683 3280 914 3337 incommunicat
930 3281 973 3354 lt,
997 3282 1026 3337 et
1044 3281 1084 3340 dc

147 3521 259 3571 11-12.
279 3518 431 3572 secundum
449 3519 494 3573 dc.
514 3549 548 3558 -
569 3524 681 3574 12-13.
701 3518 865 3589 superficiei
882 3517 986 3584 duplo.
