2408 3848
117 145 181 209 262
405 145 571 199 ANARITII
590 143 848 201 COMMENTARII

115 317 253 372 numerat
276 313 463 388 superficiem
485 332 539 372 vx:
563 314 628 372 dico
652 313 754 391 igitur,
778 316 857 391 quod
879 315 1006 373 duarum
1027 335 1139 390 super-

113 402 245 460 ficierum
267 402 586 482 incommunicantium
608 422 670 461 una
694 407 739 462 est
762 404 852 463 surda
875 408 905 462 11
924 405 1019 462 altera
1037 405 1137 463 ratio-

114 491 200 549 nalis.
248 489 332 559 Quod
360 491 384 550 si
414 491 568 566 quantitas
591 487 670 570 (be)
693 512 753 552 non
776 493 868 551 fuerit
891 511 1051 551 numerans
1077 494 1136 550 ali-

115 598 205 655 quam
228 599 340 653 earum,
364 580 504 655 dicemus,
528 581 607 656 quod
630 580 693 656 ipse
717 585 788 640 sunt
811 581 897 640 surde
920 576 992 659 <11>
1016 582 1134 640 incom-

85 668 311 742 1111111111113,
335 668 478 743 quoniam
500 669 662 728 rationales
686 670 937 729 communicantes
961 673 1040 729 sunt.
1090 671 1134 729 Et

113 756 205 815 etiam
232 756 258 816 si
284 757 376 815 fuerit
403 776 457 816 um
483 752 642 817 numerans
670 758 857 834 superficiem
879 777 934 832 11,
961 759 1133 818 remanebit

114 864 149 903 ex
181 845 333 920 superficie
367 864 410 904 aa
442 846 610 921 superficies
639 846 748 922 aliqua.
800 847 832 905 Si
860 867 930 924 ergo
958 847 1132 922 superficies

112 933 166 992 illa
184 934 275 992 fuerit
292 952 362 1009 pars
382 933 457 993 scita
476 935 641 1011 superficiei
660 954 722 1009 am,
744 936 890 996 faciamus
909 937 940 994 in
960 955 1001 1011 eo,
1025 956 1133 1011 quem-

112 1022 272 1081 admodum
295 1022 418 1081 fecimus
441 1023 474 1080 in
497 1025 630 1099 exemplo
653 1024 809 1100 linearum,
834 1028 864 1083 et
886 1025 1021 1099 dicimus,
1046 1026 1133 1100 quod

74 1125 100 1164 1o
113 1111 176 1186 ipse
200 1112 418 1170 communicant
440 1111 487 1170 ilii
509 1115 594 1187 parte
617 1113 698 1172 scite.
742 1112 800 1171 Sed
823 1114 849 1172 si
870 1114 954 1189 iliud,
978 1113 1059 1189 quod
1084 1133 1132 1172 re-

112 1203 214 1258 manet
237 1220 272 1257 ex
295 1200 457 1276 superficie,
479 1201 593 1259 fuerint
615 1204 716 1277 partes
739 1202 907 1277 superficiei
929 1221 991 1276 am,
1015 1205 1045 1260 et
1069 1223 1134 1262 non

112 1290 158 1346 est
180 1289 329 1365 possibile,
352 1291 388 1347 ut
412 1309 480 1347 cum
502 1309 537 1348 ea
559 1293 756 1365 mensuretur,
780 1291 911 1350 dicemus
930 1291 962 1348 in
981 1309 1025 1365 ea,
1049 1291 1135 1350 sicut

111 1376 199 1452 illud,
236 1378 316 1453 quod
349 1378 475 1438 diximus
507 1379 539 1436 in
572 1379 705 1455 exemplo
737 1380 892 1437 linearum.
948 1378 1024 1438 Oum
1057 1398 1134 1454 ergo

111 1467 298 1540 posuerimus
331 1467 499 1542 superficies
531 1487 682 1543 numeros,
715 1472 802 1526 erunt
834 1468 996 1526 secundum
1022 1486 1133 1524 nume-

73 1567 99 1608 15
113 1573 214 1613 rorum
245 1555 460 1631 proprietatem
492 1557 743 1616 communicantes
776 1560 806 1615 et
833 1554 1134 1628 incommunicantes‚

112 1644 164 1703 sed
201 1645 364 1703 secundum
396 1644 601 1719 quantitatum
633 1641 873 1720 (proprietates)
907 1644 993 1700 erunt
1025 1662 1134 1703 omnes

112 1733 372 1806 communicantes,
396 1732 536 1807 quoniam
560 1733 713 1807 quantitas
736 1751 797 1789 una
819 1734 958 1789 numerat
982 1749 1040 1789 eas.
1085 1731 1135 1789 Si-

113 1823 163 1878 cut
191 1821 216 1879 si
245 1821 389 1894 dicemuS,
417 1820 498 1894 quod
525 1823 655 1894 quatuor
678 1815 751 1898 <et>
775 1839 825 1878 sex
847 1821 879 1877 in
902 1819 1032 1878 numeris
1057 1825 1134 1879 sunt

112 1908 375 1980 communicantes,
409 1911 439 1965 et
471 1910 600 1982 quatuor
631 1911 661 1966 et
692 1911 806 1982 septem
834 1912 903 1967 sunt
930 1909 1131 1967 incommuni-

72 2011 99 2051 ao
113 2000 213 2055 cantes
245 1997 277 2053 in
308 1995 452 2071 numeris,
483 1995 578 2072 igitur
608 1995 667 2070 ipsi
699 1999 769 2055 sunt
800 1990 1133 2075 <in>communicantes

111 2080 164 2162 <in
195 2080 402 2162 longitudine>
435 2087 464 2142 et
496 2084 779 2143 incommunicantes
811 2085 843 2141 in
870 2084 1014 2160 potentia.
1068 2085 1134 2145 Sed

112 2173 272 2233 secundum
300 2172 485 2248 quantitates
514 2175 584 2230 sunt
609 2173 858 2231 communicantes
881 2173 913 2231 in
936 2161 1074 2249 potentia
1100 2179 1134 2234 11

111 2261 395 2320 incommunicantes
422 2261 454 2318 in
480 2261 675 2338 longitudine.
722 2261 890 2320 Secundum
916 2262 1020 2337 itaque
1048 2263 1133 2322 hunc

111 2351 232 2410 modum
255 2352 395 2426 operatus
419 2354 464 2409 est
484 2348 657 2408 Gnounrnu
678 2349 711 2408 in
729 2352 864 2409 tractatu
883 2351 996 2410 decimo
1015 2349 1133 2428 dicenS,

72 2440 193 2515 eoquod
223 2440 279 2498 iste
312 2442 365 2497 aut
396 2439 452 2497 iste
480 2439 541 2498 sint
567 2439 849 2498 incommunicantes
878 2439 909 2496 in
937 2439 1131 2516 longitudine

111 2523 185 2607 <11>
208 2528 458 2587 communicantes
482 2528 513 2584 in
536 2528 680 2602 potentia.

201 2617 266 2675 Iam
298 2637 368 2693 ergo
401 2619 552 2676 ostensum
580 2619 624 2674 est
652 2636 687 2674 ex
714 2617 891 2675 habitudine
920 2616 1132 2692 quantitatum

113 2708 143 2763 11
166 2705 399 2780 superficierum,
423 2706 502 2780 quod
525 2704 636 2764 sufficit
659 2705 712 2763 uni
735 2706 766 2762 in
790 2723 833 2779 eo,
857 2705 937 2780 quod
960 2708 1005 2764 est
1027 2725 1132 2764 neces-

113 2795 225 2852 sarium
252 2789 326 2873 <11>
354 2795 466 2854 decimo
489 2796 637 2868 tractatu,
664 2794 825 2853 secundum
848 2794 928 2869 quod
952 2793 1132 2853 Gnounrnn

73 2897 99 2938 ao
113 2882 254 2941 diffinivit
277 2885 307 2941 et
329 2883 485 2958 descripsit
507 2877 585 2960 <111>
609 2882 836 2958 quantitatibus.

200 2971 301 3046 Nosti,
333 2971 412 3046 quod
440 2971 624 3046 quantitates
652 2971 684 3028 in
712 2971 785 3030 duas
814 2971 989 3030 dividuntur
1015 2973 1130 3048 partes,

113 3060 363 3119 communicantes
392 3061 422 3116 et
449 3060 745 3135 incommunicantes‚
773 3060 934 3120 rationales
959 3064 989 3119 11
1011 3061 1131 3136 surdas,

114 3167 172 3224 que
200 3151 319 3206 tantum
346 3149 377 3205 in
404 3150 464 3207 tres
492 3149 604 3224 primas
628 3148 847 3208 distribuuntur
868 3153 977 3224 partes.
1024 3149 1130 3209 Prima

113 3255 216 3296 earum
249 3240 293 3295 est
325 3238 544 3312 quantitatum,
582 3257 637 3313 que
675 3238 893 3297 communicant
929 3239 961 3296 in
995 3238 1130 3315 longitu-

67 3507 70 3513 ,
184 3449 208 3497 8.
228 3459 293 3511 pars
308 3445 395 3497 sexta.
416 3475 448 3484 -
470 3449 511 3497 10.
525 3441 622 3511 partis.
638 3474 673 3482 -
693 3448 734 3497 13.
754 3441 905 3513 linearum]
923 3441 1129 3510 quantitatum.

112 3545 147 3554 —
167 3520 209 3568 34.
229 3531 347 3582 quarum
365 3517 415 3568 est.
