2408 3848
111 157 176 221 206
399 156 565 210 ANARITII
583 155 841 211 COMMENTARII

110 344 233 384 numero
262 328 316 401 ab,
349 328 378 383 et
407 324 522 383 numeri
548 327 587 385 ab
615 327 645 382 et
670 325 706 382 bt
732 323 881 382 coniuncti
909 327 977 381 sunt
1005 324 1126 398 equales

110 434 233 473 numero
255 419 296 489 at,
319 433 389 492 ergo
412 431 551 472 numerus
575 415 615 472 cb
638 416 773 471 numeret
795 432 951 470 numerum
973 416 1006 471 at
1024 430 1125 470 secun-

111 505 182 562 dum
205 505 404 579 quantitatem
428 503 499 577 eiua,
523 503 603 578 quod
626 502 724 560 estin
742 504 784 561 ab
804 521 839 559 ex
856 500 1031 574 unitatibus,
1055 520 1126 578 ergo

111 611 250 650 numerus
272 597 306 652 ct
332 596 377 650 est
404 593 517 667 equalis
546 591 691 667 quadrato
715 592 764 649 ab.
812 589 870 648 Sed
896 591 1059 664 quadratus
1083 592 1125 648 ob

85 685 157 740 test
175 683 223 756 de,
248 700 317 758 ergo
341 699 479 739 numerus
497 685 529 740 at
551 683 596 738 est
619 680 733 756 equalis
752 681 802 752 de3
827 682 857 736 et
874 679 949 736 illud
969 682 1021 752 est,
1046 679 1126 753 quod

111 772 312 828 demonstrare
336 769 490 829 voluimus.

199 859 283 916 Alia
306 859 439 936 Figura
468 858 592 916 addita
619 857 835 915 theoremati
864 860 962 915 sexto
988 856 1125 914 decimo

110 966 200 1005 none
223 947 348 1022 partis.

200 1035 454 1111 Superficialis
483 1035 524 1093 ab
553 1036 649 1092 omni
676 1052 820 1092 numero
848 1034 883 1090 in
907 1035 993 1092 duas
1017 1036 1126 1092 secti-

71 1139 195 1182 1⁰0nes
223 1126 339 1183 diviso
368 1129 402 1183 et
428 1125 470 1183 ab
498 1143 565 1182 uno
592 1125 739 1182 duarum
762 1122 960 1181 sectionum
983 1124 1125 1197 equalis

112 1209 217 1290 (est)
245 1213 487 1289 superficiali,
518 1212 578 1288 qui
605 1213 652 1270 fit
679 1232 719 1270 ex
745 1231 813 1270 una
841 1212 988 1270 duarum
1018 1213 1124 1270 secti-

111 1318 214 1359 onum
241 1302 277 1360 in
305 1304 470 1377 alteram,
499 1321 574 1360 cum
598 1301 774 1377 quadrato
797 1302 894 1359 facto
919 1321 958 1358 ex
980 1301 1126 1375 reliqua

111 1410 168 1449 sec
173 1384 312 1471 1101111)
358 1391 495 1467 Exempli

111 1499 200 1538 causa
225 1480 264 1538 sit
291 1499 430 1538 numerus
453 1483 551 1539 ab
541 1455 556 1508 b
738 1471 756 1524 9
862 1471 880 1505 a

740 1524 871 1559 l--l

71 1581 97 1620 1⁶
111 1569 251 1628 divisus
244 1589 274 1626 in
296 1571 369 1628 duas
390 1569 493 1628 sectio·
868 1646 883 1684 z
1112 1631 1123 1682 l

1104 1651 1111 1681 l

111 1677 162 1717 nes
186 1677 276 1733 supra
297 1661 441 1733 punctum
462 1677 493 1731 p:
539 1649 874 1737 ff*„*—m;
1118 1701 1120 1736 Ι

111 1747 177 1806 dico
186 1747 287 1824 igitur,
303 1746 381 1822 quod
393 1765 493 1821 super-

112 1836 218 1894 ficialis
242 1837 338 1893 factus
362 1855 398 1892 ex
420 1837 461 1892 ab
484 1835 515 1890 in
540 1836 578 1907 bp
602 1835 715 1909 equalis
739 1837 784 1892 est
805 1832 1005 1891 coniunctioni
1024 1852 1124 1907 super-

112 1923 217 1981 ficialis
244 1925 317 1980 facti
343 1943 378 1980 ex
401 1941 442 1996 ap
464 1922 496 1979 in
520 1924 559 1996 bp
582 1942 649 1980 cum
673 1923 818 1998 quadrato
841 1924 920 1980 facto
944 1941 980 1979 ex
1002 1940 1124 1978 numero

73 2026 100 2065 ro
111 2014 153 2086 pb
175 2012 207 2068 in
230 2030 260 2069 se
284 2011 389 2086 ipsum.
432 2010 478 2068 Sit
501 2030 571 2089 ergo
590 2011 783 2087 superficialis
802 2012 898 2069 factus
918 2031 952 2067 ex
972 2012 1015 2068 ab
1033 2009 1065 2067 in
1085 2012 1125 2083 bp

112 2100 304 2176 superficialis
328 2102 379 2173 cte,
407 2103 437 2158 et
463 2119 602 2158 numerus
626 2101 739 2176 equalis
764 2099 942 2175 superficiali
966 2117 1007 2172 cp
1029 2098 1061 2156 in
1082 2101 1124 2172 pb

112 2189 151 2247 sit
179 2192 231 2248 da:
261 2189 325 2246 dico
352 2189 457 2266 igitur,
485 2191 564 2264 quod
592 2191 753 2265 quadratus
777 2191 818 2263 pb
847 2191 892 2247 est
918 2206 1056 2246 numerus
1081 2206 1124 2247 cr.

111 2278 252 2336 Probatio
281 2277 351 2337 eius.
400 2277 545 2347 Quoniam
572 2297 710 2337 numerus
736 2280 777 2351 pb
805 2280 942 2336 numerat
969 2297 1124 2334 numerum

111 2369 153 2426 de
176 2367 335 2426 secundum
359 2367 552 2442 equalitatem
576 2369 647 2441 eius,
671 2368 751 2442 quod
774 2369 817 2425 est
838 2366 869 2424 in
888 2368 929 2426 ab
948 2385 983 2423 ex
1001 2365 1124 2423 unitati·

70 2469 98 2508 ab
111 2456 175 2531 bue,
199 2457 250 2515 sed
273 2475 316 2530 ap
338 2460 475 2514 numerat
497 2458 537 2515 da
560 2457 719 2514 secundm
738 2456 931 2530 equalitatem
950 2455 1022 2528 eius
1045 2455 1125 2530 quod

113 2548 158 2603 est
181 2545 212 2602 in
234 2548 275 2620 pb
299 2565 335 2603 er
357 2545 531 2620 unitatibus,
554 2564 624 2622 ergo
648 2544 812 2602 remanebit
836 2565 871 2602 ex
893 2543 1058 2602 unitatibus
1082 2546 1123 2602 ab

111 2634 241 2694 unitates
262 2636 317 2709 pb,
344 2654 410 2692 cum
438 2634 544 2710 quibus
565 2637 606 2707 pb
634 2636 771 2692 numerat
797 2653 953 2692 numerum
977 2650 1024 2691 ez:
1053 2651 1123 2708 ergo

111 2742 249 2781 numerus
270 2741 303 2782 ca
325 2720 412 2800 <est>
431 2724 593 2797 quadratus
610 2725 664 2797 pb3
689 2726 718 2780 et
736 2722 811 2780 illud
830 2725 883 2798 est,
907 2722 985 2798 quod
1005 2722 1124 2779 demon·

111 2815 204 2870 strare
228 2812 382 2870 voluimus,

71 2914 98 2954 oo
179 2901 313 2977 Figura
336 2900 499 2975 predicto
522 2900 738 2959 theoremati
762 2900 894 2958 addita.

179 2988 299 3048 Omnis
322 2989 459 3046 numeri
482 2989 518 3046 in
537 2989 624 3047 duas
643 2989 822 3048 sectiones
842 2989 951 3048 divisi
970 2989 1124 3064 quadra-

111 3081 167 3136 tus
187 3099 226 3136 ex
244 3081 322 3137 toto
341 3097 485 3137 numero
504 3079 622 3136 factus
642 3078 781 3153 equalis
801 3081 855 3137 est
873 3078 1123 3137 coniunctioni

111 3167 257 3227 duorum
281 3167 536 3241 quadratorum
560 3168 709 3226 duarum
732 3168 933 3226 sectionum
957 3170 992 3224 et
1013 3166 1123 3243 duplo

181 3359 258 3408 2-3.
278 3360 308 3408 at
325 3371 343 3422 9
363 3353 560 3422 quantitatem.
580 3385 612 3395 -
634 3360 676 3408 26.
695 3356 829 3408 remanet.

182 3535 207 3602 1)
225 3532 340 3588 ibidem.
378 3532 479 3586 Confer
497 3532 583 3586 etiam
603 3532 637 3600 ΙΙ,
656 3537 680 3588 3.
