2408 3848
190 550 369 622 INCIPIT
400 550 644 622 EXPOSITIO
674 551 803 622 LIBRI
831 549 1013 621 ccrnvl.

184 711 281 781 Quod
304 711 481 786 sequitur,
505 712 657 770 secundo
681 712 827 770 additur
849 703 1107 791 theoremati.1)

183 803 248 858 lam
271 819 341 858 vero
365 803 515 859 ostensum
533 795 629 877 <esi>,
654 801 740 875 quod,
764 820 830 858 cum
848 801 976 858 minores
994 800 1109 857 numeri

93 890 258 950 secundum
280 889 502 964 proportionem
524 909 615 946 unam
637 889 749 947 fuerint
768 890 930 965 consumti,
954 890 980 947 si
997 889 1109 946 fuerint

93 983 168 1053 tres,
195 982 266 1036 tune
294 978 351 1035 duo
381 979 503 1035 extremi
531 981 617 1035 erunt
645 977 795 1052 quadrati3
830 979 908 1052 quod
940 979 966 1036 si
996 979 1108 1036 fuerint
1135 992 1148 1032 5

95 1071 232 1143 quatuor,
261 1067 318 1123 duo
347 1067 469 1124 extremi
498 1069 584 1124 erunt
612 1066 687 1125 cubi.
736 1066 851 1124 Ponam
878 1067 980 1141 itaque
1003 1068 1108 1124 horum

96 1157 265 1230 exemplum
279 1154 441 1212 secundum
450 1174 595 1214 numeros.
621 1155 667 1213 Sit
677 1175 746 1232 ergo
757 1155 909 1230 proportio
920 1155 991 1213 data
1000 1156 1032 1212 in
1041 1175 1108 1230 pro-

94 1243 231 1320 portione
251 1242 377 1301 addente
395 1243 595 1318 medietatem,
618 1247 648 1302 et
667 1247 737 1302 sunt
755 1243 815 1302 duo
833 1243 960 1301 minores
979 1245 1106 1317 numeri,

95 1333 150 1408 qui
178 1334 248 1390 sunt
276 1331 438 1390 seeundum
469 1333 545 1391 hanc
577 1332 812 1408 proportionem,
845 1333 959 1390 numeri
992 1333 1050 1389 duo
1079 1336 1108 1390 et

93 1426 163 1497 trec,
179 1421 319 1496 quoniam
332 1423 393 1479 tres
407 1424 477 1479 sunt
490 1421 610 1496 equales
625 1421 737 1480 duobus
752 1424 782 1479 et
795 1421 954 1479 medietate
967 1421 1107 1494 ipsorum.
1123 1436 1149 1473 ro

95 1510 172 1568 Cum
200 1529 269 1587 ergo
296 1509 593 1585 multiplicaverimus
621 1511 694 1569 duos
716 1511 748 1568 in
771 1529 816 1583 se,
838 1509 1017 1584 proveniunt
1039 1509 1108 1566 inde

94 1601 231 1675 quatuor,
251 1601 281 1656 et
299 1617 365 1656 cum
383 1599 678 1675 multiplicaverimus
693 1600 751 1658 duo
769 1599 802 1656 in
814 1601 885 1673 tres,
904 1598 1109 1676 aggregabunt

95 1688 127 1745 in
150 1707 209 1763 sex,
233 1690 263 1744 et
286 1706 353 1745 cum
375 1688 671 1763 multiplicaverimus
693 1691 754 1746 tres
776 1688 809 1745 in
832 1706 875 1762 se,
904 1687 1109 1765 aggregabunt

94 1796 216 1836 novem:
246 1777 360 1834 numeri
384 1796 454 1854 ergo
479 1780 607 1852 quatuor
629 1780 659 1835 et
681 1796 731 1835 sex
755 1780 784 1834 et
811 1796 917 1835 novem
945 1779 1014 1836 sunt
1042 1794 1108 1834 con-

94 1865 172 1922 tinui
209 1865 369 1923 secundum
403 1866 626 1942 proportionem
662 1866 786 1924 duorum
823 1866 862 1923 ad
896 1868 964 1924 tres
1025 1862 1149 1934 Quodn

94 1955 195 2028 etiam,
218 1973 284 2012 oum
307 1954 603 2030 multiplicaverimus
622 1956 679 2013 duo
698 1955 730 2012 in
748 1959 809 2013 tres
827 1973 972 2029 numeres,
997 1954 1109 2012 scilieet

96 2043 128 2100 in
156 2045 284 2118 quatuor
312 2046 341 2100 et
369 2062 419 2101 sex
447 2039 517 2122 <et>
545 2063 664 2118 novem,
692 2043 898 2121 aggregabunt
925 2044 956 2100 in
984 2047 1050 2102 octo
1079 2045 1109 2100 et

94 2131 249 2190 duodecim
273 2135 302 2189 et
325 2132 426 2190 decem
449 2135 479 2189 et
502 2135 580 2206 oct03
610 2136 671 2190 tres
695 2152 813 2208 quoque
837 2151 905 2190 eum
927 2132 1107 2206 multiplica-

94 2220 223 2279 verimus
246 2219 277 2277 in
300 2239 415 2296 novem,
437 2222 613 2295 provenient
630 2221 739 2298 viginti
762 2224 791 2279 et
809 2223 929 2295 septem.
976 2220 1109 2288 Quatuor

96 2328 166 2386 ergo
189 2309 303 2366 numeri
327 2312 396 2367 sunt
418 2311 577 2368 secundum
595 2310 818 2385 proportionem
836 2310 960 2367 duorum
978 2310 1017 2366 ad
1038 2312 1108 2383 tres,
1123 2324 1149 2363 20

95 2417 221 2474 quorum
244 2398 303 2455 duo
326 2398 458 2472 extremi,
481 2399 594 2458 seilicet
616 2402 682 2457 octo
706 2401 736 2456 et
758 2398 866 2475 viginti
889 2400 1010 2472 septem,
1039 2401 1109 2455 sunt

94 2486 175 2560 cnbi3
200 2490 229 2544 et
253 2487 310 2544 duo
330 2487 453 2544 extremi
474 2487 566 2544 trium
588 2506 777 2546 numerorum
796 2487 908 2545 scilicet
928 2490 1055 2561 quatuor
1079 2490 1108 2544 et

93 2595 210 2648 novem,
234 2577 303 2633 sunt
322 2576 468 2652 quadrati.
516 2575 574 2634 Sed
597 2577 622 2635 si
644 2577 796 2651 vellemus,
819 2578 853 2633 ut
872 2578 969 2633 essent
991 2575 1022 2632 in
1040 2595 1108 2650 pro-

93 2658 230 2741 portione
254 2664 347 2740 dupli,
371 2665 548 2739 accipiemus
571 2685 664 2723 unum
687 2668 717 2723 et
735 2665 816 2723 duos.
857 2665 912 2722 Est
930 2664 1023 2740 igitur
1040 2684 1108 2738 pro·

94 2753 193 2828 portio
216 2753 304 2810 unius
327 2754 365 2811 ad
388 2754 462 2812 dnos
484 2754 638 2829 proportio
662 2754 753 2829 dupli.
799 2753 882 2812 Unus
905 2753 998 2830 igitur
1020 2754 1052 2810 in
1077 2772 1107 2811 se
1123 2766 1150 2806 aa

96 2977 101 2988 Ι
170 2912 194 2959 6.
214 2905 267 2990 cpi.
292 2937 326 2945 —
351 2911 391 2958 16.
415 2905 484 2958 duos
504 2909 533 2958 et
551 2909 615 2960 tres.
638 2938 669 2946 -
695 2911 736 2959 18.
760 2908 811 2960 tes.
832 2904 977 2958 -19.in
995 2907 1108 2976 novem]

93 2995 124 3030 m
142 2994 198 3030 uno
217 2995 259 3031 nc.

167 3121 192 3188 1)
211 3117 348 3172 Eucmnus
362 3119 435 3186 VIII,
454 3125 483 3174 2:
512 3120 648 3174 Numeros
667 3120 794 3188 quotlibet
812 3120 938 3173 conticere
953 3121 1108 3188 proportio-

93 3191 221 3244 nalitatis
239 3191 386 3244 serendum
400 3192 603 3259 proportionem
620 3193 714 3245 datam
729 3191 855 3244 minimos
869 3193 998 3245 invertire.
1032 3191 1109 3244 Unde

95 3262 271 3328 manifestem
288 3268 334 3328 est,
353 3264 434 3330 quod,
452 3263 477 3315 si
494 3263 600 3328 fuerint
618 3269 671 3316 tres
687 3263 795 3315 meineri
813 3264 939 3316 continere
953 3261 1107 3330 proportio-

94 3333 222 3386 nalitatis
244 3334 390 3386 secandum
413 3350 472 3386 eom
494 3334 616 3399 minimi,
643 3334 698 3387 deo
724 3334 836 3387 extremi
858 3339 938 3386 erent
963 3332 1093 3400 quadrati
1098 3352 1109 3396 ‚-

95 3403 168 3473 qnod
186 3405 211 3466 ci
228 3404 334 3469 fuerint
352 3411 479 3472 quatuor,
497 3409 577 3457 erent
595 3405 706 3458 extremi
724 3404 792 3458 erebi.

150 3501 234 3542 comm.
250 3503 279 3542 ad
293 3503 384 3542 Euclid.
399 3502 433 3541 ed.
448 3501 559 3542 curtae.
927 3495 967 3540 ts

1162 3498 1192 3511 ,α
