2408 3848
409 157 458 210 AD
477 157 662 217 EUOLIDEM
680 157 747 212 HR,
759 157 794 213 X.
1031 158 1095 222 251

83 329 121 400 ft
144 327 251 402 equale
274 325 364 401 duplo
387 326 561 402 superficiei,
585 346 643 402 que
667 326 837 386 continetur
860 345 878 384 a
900 325 986 385 lineis
1006 345 1049 400 oy
1066 330 1097 385 et

81 417 137 490 qb:
160 414 325 473 remanebit
348 433 417 491 ergo
441 416 623 490 quadratum
645 415 722 474 linee
746 417 912 492 coequale
932 415 1096 490 superficiei

85 509 122 563 et.
169 503 215 562 Sit
242 503 334 562 etiam
356 504 525 579 superficies
550 522 584 564 er
607 505 722 580 equalis
745 505 946 564 coniunctioni
969 504 1096 563 duorum

83 593 301 669 quadratorum
333 594 377 651 ud
403 596 434 651 et
461 594 515 652 db:
547 592 712 651 remanebit
741 593 836 671 igitur
862 593 1030 669 superficies
1056 593 1096 653 alr

83 682 200 757 equalis
219 681 311 757 duplo
330 681 504 757 superficiei,
528 701 585 757 que
603 683 773 741 continetur
791 701 809 740 a
827 683 914 742 lineis
934 683 978 741 ad
996 685 1027 741 et
1045 683 1094 741 db.
1122 701 1136 742 5
1170 681 1172 688 '

83 772 139 829 Est
171 790 241 848 ergo
271 771 453 846 superfluum
483 770 699 830 coniunctIonis
726 772 853 830 duorum
882 772 1096 847 quadratorum

79 1784 123 1839 oq
146 1768 177 1823 et
197 1767 239 1838 qb
258 1783 349 1842 supra
369 1765 494 1842 duplum
513 1763 686 1841 superficiei,
706 1783 764 1840 que
782 1763 953 1823 continetur
971 1781 989 1820 a
1006 1762 1093 1821 lineis

80 1873 122 1927 aq
145 1857 176 1912 et
196 1855 251 1927 qb,
274 1854 441 1930 superficies
465 1856 507 1929 fl3
536 1857 566 1913 et
589 1853 728 1912 similiter
750 1853 933 1928 superfluum
956 1852 1094 1912 coniuncss

80 1942 172 2000 tionis
191 1941 317 2001 duorum
335 1944 550 2018 quadratorum
568 1945 613 2002 ael
632 1945 662 2000 et
680 1944 722 2001 db
741 1961 833 2018 snpra
851 1941 975 2018 duplum
994 1959 1094 2017 super·

80 2028 166 2104 fieiei,
190 2049 247 2104 que
270 2032 440 2089 continetur
462 2051 480 2089 a
502 2032 589 2090 lineis
613 2033 658 2089 ad
681 2033 711 2089 et
730 2032 784 2106 db,
809 2034 854 2090 est
872 2029 1041 2107 superficies
1060 2031 1093 2088 tl.
1108 2050 1135 2090 ro

81 2117 131 2175 Fit
150 2137 220 2195 ergo
239 2119 424 2193 superfluum
442 2119 658 2178 coniunctionis
677 2119 802 2178 duorum
816 2119 1032 2196 quadratorum
1050 2133 1095 2192 ay

82 2208 113 2264 et
137 2208 179 2279 qb
207 2225 297 2282 supra
324 2206 448 2282 duplum
476 2207 655 2284 superficiei,
683 2227 740 2283 que
769 2209 939 2267 continetur
966 2226 984 2265 a
1007 2207 1093 2266 lineis

82 2312 124 2368 ay
147 2298 177 2354 et
197 2297 252 2370 qb,
276 2296 381 2371 equale
403 2296 554 2371 superfluo
578 2296 793 2355 coniunctionis
817 2296 943 2354 duorum
966 2296 1093 2372 quadra-v

81 2386 181 2442 torum
204 2386 250 2443 ud
273 2387 303 2443 et
326 2386 368 2444 db
391 2402 481 2459 supra
505 2384 629 2460 duplum
651 2383 824 2460 superficiei,
849 2403 906 2460 que
926 2385 1094 2444 continetur

82 2491 100 2528 a
123 2472 209 2531 lineis
232 2475 276 2532 ad
299 2475 330 2531 et
356 2475 411 2548 db,
436 2473 516 2548 quod
541 2476 587 2532 est
609 2472 777 2548 superficies
801 2477 840 2530 te.
886 2472 944 2530 Sed
967 2472 1093 2549 duplum
1108 2492 1134 2534 rs

81 2561 259 2637 superficiei,
287 2581 346 2636 que
374 2562 545 2622 continetur
572 2582 590 2620 a
617 2561 704 2619 lineis
732 2579 775 2635 aq
802 2563 832 2619 et
857 2563 899 2635 yb
923 2564 968 2620 est
990 2581 1092 2638 super-

80 2649 161 2709 ficies
188 2651 238 2725 fh,
266 2652 296 2709 et
323 2650 493 2726 superficies
521 2652 561 2711 alr
589 2653 635 2709 est
661 2650 777 2726 equalis
799 2643 895 2725 {duplo
919 2650 1093 2727 superficiei,

80 2757 140 2814 que
164 2739 334 2798 continetur
357 2759 375 2798 a
393 2739 478 2798 lineis
498 2742 542 2800 ad
561 2742 591 2798 et
609 2740 665 2812 db,
688 2738 770 2814 quod
787 2738 854 2797 ideo
873 2742 927 2814 est,
951 2738 1094 2815 quoniam

80 2827 237 2886 divisimus
260 2827 447 2903 superficiem
468 2847 504 2888 se
526 2829 663 2905 equalem
686 2827 727 2902 ei,
752 2827 831 2904 quod
854 2831 899 2887 est
922 2847 956 2887 ex
979 2828 1093 2888 duobus

81 2916 236 2992 quadratis
246 2919 290 2976 ud
304 2919 335 2975 et
344 2919 395 2992 db,
408 2911 579 2995 <et>etiam
593 2921 746 2977 ostensum
760 2918 814 2993 est,
829 2917 910 2992 quod
924 2917 1093 2993 superficies
1107 2938 1134 2978 so

80 3007 106 3063 tl
129 3009 175 3064 est
193 3006 306 3081 equalis
325 3006 472 3081 quadrato
491 3006 571 3066 facto
589 3027 625 3065 ex
642 3007 722 3064 linea
740 3007 791 3065 ab.
827 3006 1004 3065 Remanebit
1022 3025 1092 3083 ergo

80 3093 250 3170 superficies
273 3095 312 3154 at
335 3095 451 3170 equalis
475 3095 515 3161 ei,
546 3096 627 3171 quod
649 3097 695 3153 est
717 3114 753 3154 ex
775 3095 1025 3172 multiplicatione
1049 3097 1093 3154 ad

80 3182 113 3240 in
131 3185 173 3242 dl>
192 3183 308 3242 duabus
326 3183 448 3242 vicibus.
486 3183 737 3259 superficiemque
751 3185 788 3257 ft
802 3184 942 3244 scivimus
957 3184 1093 3260 equalem

81 3271 117 3344 ei,
142 3272 221 3347 quod
243 3271 278 3330 fit
301 3291 337 3330 ex
358 3272 602 3348 multiplicationi
620 3291 662 3346 oy
679 3272 711 3330 in
727 3275 769 3348 qd
787 3273 845 3332 bis:
868 3275 1003 3332 remanet
1021 3277 1091 3348 ergo

80 3360 251 3434 superficies
282 3362 312 3433 fl
343 3362 527 3437 superfluum
558 3360 723 3437 superficiei
755 3362 869 3438 equalis
900 3361 992 3438 duplo
1020 3360 1092 3437 ciue,
1106 3389 1133 3430 25

153 3534 177 3583 2.
198 3529 327 3597 equalem
345 3530 527 3600 superficiem.
547 3563 581 3571 -
601 3537 625 3586 6.
645 3529 873 3601 coniunctionisl
884 3530 970 3583 ouius
981 3533 1045 3579 est.
1103 3559 1106 3566 ·
