2408 3848
111 148 174 214 164
396 146 562 200 Ansium
580 144 836 201 conunrrran
944 107 947 113 ’

177 316 296 375 Scilicet
320 334 458 373 numerus
481 315 598 388 vicium,
622 315 729 389 quibus
750 313 903 389 quantitas
921 313 1020 389 prima
1039 317 1103 372 met

108 409 160 463 tur
188 405 360 479 secundam,
390 424 455 463 cum
483 404 513 460 in
541 422 571 461 se
598 403 690 461 fuerit
712 403 944 478 multiplicatus,
970 403 1104 478 proveni«

821 519 1074 598 thre

108 512 256 566 numerus
280 493 331 568 qui
356 493 412 552 erit
435 493 588 567 proportio
611 493 705 567 prime
725 491 764 549 ad

108 583 240 642 terciam.
271 583 311 639 Et
330 581 355 640 si
373 581 485 639 fuerint
499 585 627 656 quatuor
646 581 762 656 quanti·

84 675 201 746 atateS,
230 671 445 746 multiplicetur
472 670 522 727 ille
548 670 710 745 quadratus
732 670 764 727 in

109 780 264 820 numerum
277 759 415 835 primum,
435 759 540 817 eterit
560 778 682 834 summa,
707 777 763 834 que

109 849 254 925 provenit,
275 848 428 924 proportio
447 848 541 923 prime
560 848 599 906 ad
618 851 763 922 quartam.

110 940 151 997 Et
169 938 313 1012 similiter,
338 937 363 995 si
385 937 499 995 fuerint
521 937 652 1012 quinque
671 955 763 1012 quan-

109 1028 221 1101 titates
247 1025 470 1101 multiplicetur,
494 1026 547 1101 qui
565 1025 710 1100 provenit,
733 1025 765 1082 in

71 1130 97 1168 1⁰
111 1136 265 1174 numerum
288 1116 424 1190 primum,
449 1117 479 1172 et
500 1115 580 1190 quod
600 1115 765 1189 proveniet,

111 1206 168 1264 erit
181 1198 336 1281 proportio
346 1204 440 1280 prime
455 1204 494 1262 ad
508 1203 650 1278 quintam.
674 1202 766 1261 Verbi

112 1295 218 1372 gratia.
257 1294 406 1353 Ponamus
430 1293 558 1368 quinque
582 1292 765 1367 quantitates

112 1386 167 1459 ab,
187 1385 244 1458 qd,
269 1401 310 1458 ca,
333 1384 375 1458 tt,
398 1383 440 1457 lcl,
464 1384 494 1440 et
515 1384 702 1440 mensuretur
724 1383 765 1439 ab

112 1473 157 1531 bis
174 1474 227 1547 qd,
250 1475 280 1531 et
303 1471 472 1548 superfluat,
496 1471 575 1546 quod
599 1471 638 1529 sit
661 1470 766 1545 equale

73 1575 99 1615 15
113 1562 204 1621 tercie
223 1564 277 1635 ob3
302 1579 371 1638 ergo
396 1563 437 1618 ab
460 1560 582 1618 metitur
602 1561 647 1633 qd
668 1559 713 1617 bis
738 1561 767 1616 et

113 1671 180 1710 cum
208 1651 300 1709 tercia
331 1650 418 1707 unius
448 1649 534 1723 vicis,
568 1650 597 1707 et
629 1666 767 1706 numerus

113 1760 163 1799 cas
177 1739 369 1798 denominans
389 1739 433 1795 est
448 1737 505 1796 duo
525 1740 555 1794 et
568 1737 669 1796 tercia.
694 1735 767 1796 (lum

114 1849 184 1905 ergo
207 1828 264 1885 duo
294 1830 323 1884 et
346 1825 439 1883 tercia
466 1825 498 1882 in
523 1844 553 1884 se
576 1825 768 1902 multiplicati

114 1916 233 1989 fuerint,
249 1917 336 1972 erunt
350 1913 479 1989 quinqua
494 1917 524 1972 et
538 1918 666 1990 quatuor
679 1933 767 1987 none3
833 1986 845 1991 -

75 2018 101 2057 ao
115 2008 145 2063 et
175 2005 231 2061 iste
265 2005 309 2060 est
335 2021 487 2077 numerus,
519 2004 570 2078 qui
598 2004 769 2062 denominat

115 2095 202 2165 ricco,
227 2090 332 2166 quibus
356 2093 396 2149 ab
419 2092 541 2150 metitur
565 2111 606 2152 er.
644 2093 769 2151 Etcum

115 2180 409 2256 multiplicaverimus
449 2181 525 2240 hanc
561 2200 706 2240 summam
737 2181 770 2239 in

116 2272 173 2330 duo
193 2272 223 2328 et
240 2270 371 2346 terciam,
395 2270 452 2328 erit
470 2290 583 2329 summa
604 2273 643 2328 12
669 2274 699 2329 et
720 2289 770 2328 sex

116 2378 192 2418 none
216 2362 246 2417 et
263 2359 356 2417 tercia
374 2377 463 2435 none3
487 2363 517 2418 et
537 2361 595 2418 ista
615 2362 659 2417 est
678 2378 770 2434 quan-

78 2460 104 2501 25
117 2449 197 2523 titas,
216 2468 275 2524 qua
295 2451 335 2508 ab
353 2449 475 2506 metitur
488 2451 529 2507 ot.
568 2449 608 2506 rt
626 2449 652 2508 si
669 2448 770 2506 multi-

117 2537 325 2613 plicaverimus
338 2540 377 2595 12
393 2540 423 2595 et
436 2557 486 2596 sex
500 2557 593 2597 nonas
608 2540 637 2595 et
650 2537 772 2595 tertiam

118 2646 194 2685 none
222 2627 253 2684 in
281 2627 338 2686 duo
362 2629 391 2684 et
413 2627 548 2701 terciam,
578 2627 634 2684 erit
657 2644 771 2684 summa

119 2718 159 2775 29
186 2718 215 2774 et
238 2717 366 2792 quinque
390 2735 466 2774 none
490 2718 520 2774 et
551 2719 664 2791 septem
695 2733 771 2773 none

118 2823 276 2877 nonarum3
301 2807 330 2863 et
352 2805 408 2863 iste
432 2807 477 2863 est
497 2823 635 2862 numerus
653 2804 771 2878 vicium,

79 2893 225 2969 aquibus
249 2895 289 2952 ab
316 2894 439 2952 metitur
461 2894 501 2951 11.
553 2894 593 2951 Et
620 2911 772 2968 ponamus,

118 2985 153 3039 ut
172 2983 362 3058 quantitates
386 3003 442 3057 que
461 2983 521 3040 sint
539 2982 571 3040 in
586 2984 631 3056 qd
653 2982 772 3056 equales

120 3073 174 3146 ab,
204 3071 264 3129 sint
289 3089 354 3144 pm,
381 3090 448 3145 rac,
481 3074 511 3129 et
538 3071 701 3147 superfluat
727 3072 773 3129 ad

120 3160 233 3234 equalis
270 3159 360 3217 tercie
397 3162 450 3233 ab3
488 3163 518 3218 et
549 3161 685 3219 similiter
714 3159 774 3218 sint

122 3249 313 3323 quantitates,
332 3267 389 3323 que
404 3249 473 3305 sunt
486 3248 517 3306 in
532 3267 566 3308 cz
585 3249 704 3324 equales
721 3250 772 3322 pal,

82 3351 107 3390 as
123 3356 165 3412 cs,
175 3356 219 3413 sq,
234 3339 264 3395 et
274 3337 436 3413 superfluat
443 3355 482 3411 pr
496 3337 609 3412 equalis
618 3338 709 3396 tercie
716 3339 773 3412 qd,

813 3147 851 3184 r-

816 3363 850 3415 l-

194 3476 218 3526 1.
233 3434 334 3539 quibus
347 3471 414 3540 quia
423 3470 521 3541 prima.
537 3501 571 3510 -
586 3475 610 3525 2.
624 3469 823 3539 multiplicata.
837 3497 873 3509 -
888 3474 929 3523 11.
945 3469 982 3522 ad
996 3471 1104 3536 quarta:

123 3542 280 3597 satereia.
301 3576 334 3583 -
359 3549 400 3599 31.
421 3541 589 3611 quantitate.
611 3574 644 3581 —
663 3547 776 3596 31-32.
797 3540 911 3609 equales
929 3541 979 3611 qd,
999 3542 1046 3595 ab.
