2408 3848
400 121 450 176 AD
469 121 654 176 EUCLIDEM
673 121 739 176 LIB.
754 121 774 176 I.
1051 121 1091 184 71

76 309 173 366 supra
204 291 321 366 partem
352 288 429 359 linco
463 308 509 364 ca,
542 309 610 348 cum
640 309 698 365 quo
725 289 929 349 ratiocinatur.
979 288 1094 348 Ponam

77 380 200 454 itaque,
231 381 266 437 ut
297 379 388 438 sectio
421 378 497 453 eius,
530 379 581 454 qui
614 379 695 438 cadit
721 379 797 438 citra
826 380 971 454 punctum
998 380 1021 452 l,
1054 378 1094 436 sit

77 467 221 529 sectionis
249 467 387 543 secunda,
416 470 446 526 at
468 469 630 544 producam
653 487 742 543 supra
765 471 909 543 punctum
930 486 961 525 ca
982 467 1093 527 lineam

75 556 313 633 equidistautem
332 556 445 615 duabus
464 557 550 616 lineis
568 558 615 632 ab,
634 558 684 632 ob,
704 576 760 632 que
779 557 819 615 sit
836 556 916 614 linea
934 575 997 633 mc,
1017 557 1094 617 sicut
1129 605 1132 612 .

74 646 273 713 manifestum
296 647 342 706 cst
364 665 400 704 ex
422 645 596 720 probatione
620 645 726 723 figura,
751 665 807 721 que
832 645 992 705 secundum
1015 645 1092 704 ordi·
1119 657 1133 697 ὁ

113 830 132 878 b
247 824 263 857 θ

73 2885 144 2924 nem
161 2864 281 2924 Acums
300 2867 346 2922 est
365 2864 428 2940 31⁸,
452 2866 483 2923 ct
500 2865 674 2939 protraham
692 2863 803 2921 lincam
820 2864 860 2923 ab
878 2864 909 2922 iu
927 2864 1087 2938 infinitum,

74 2956 106 3013 et
133 2971 256 3030 ponam,
283 2955 318 3011 ut
343 2952 376 3010 in
397 2971 433 3013 cc
456 2953 517 3011 sint
540 2973 575 3012 ex
597 2951 813 3028 multiplicibus
835 2970 889 3031 ru,
919 2953 995 3014 sicut
1018 2956 1088 3012 sunt

72 3042 267 3120 multiplicia,
300 3061 357 3117 que
389 3044 458 3100 sunt
489 3042 521 3099 in
549 3059 584 3101 ca
612 3041 790 3117 quantitatis
817 3058 880 3100 zm:
913 3042 977 3100 dico
1007 3062 1087 3119 ergo,

73 3131 157 3208 quod
192 3132 248 3189 due
284 3131 362 3189 lineo
398 3133 452 3205 ab,
482 3132 527 3206 qd
559 3132 737 3189 concurrunt
769 3149 857 3205 super
888 3133 1031 3205 punctum
1064 3149 1085 3188 c.

72 3220 217 3279 Probatio
241 3219 313 3279 eius.
355 3217 501 3288 Quoniam
525 3219 629 3278 secabo
654 3239 688 3277 ex
711 3219 791 3276 linea
813 3237 849 3278 rc
867 3219 977 3277 lineam
996 3231 1127 3295 equa-1⁰

72 3310 134 3368 lem
156 3327 210 3385 aa,
233 3309 311 3367 sicut
332 3309 522 3368 manifestum
546 3311 592 3367 est
615 3307 847 3384 exprobatione
870 3307 963 3384 figure
986 3308 1086 3383 tercie,

29 3405 54 3452 l9
73 3418 132 3474 qua
156 3398 196 3456 sit
218 3397 299 3455 linea
315 3415 365 3471 as,
388 3400 418 3455 et
440 3398 615 3473 protraham
637 3415 728 3472 supra
750 3398 894 3471 punctum
916 3415 931 3455 s
952 3395 955 3468 l
976 3396 1085 3453 lineam

73 3486 307 3564 equidistantcm
333 3485 409 3544 linee
440 3504 488 3561 ae,
520 3506 577 3562 que
611 3485 650 3545 sit
677 3484 757 3542 linea
784 3502 834 3558 sq,
867 3487 897 3542 et
924 3485 1091 3560 producam
