<?xml version="1.0" encoding="UTF-8"?>
<!DOCTYPE html PUBLIC "-//W3C//DTD XHTML 1.0 Transitional//EN"
    "http://www.w3.org/TR/xhtml1/DTD/xhtml1-transitional.dtd">
<html xmlns="http://www.w3.org/1999/xhtml" xml:lang="en" lang="en">
 <head>
  <title>
</title>
<meta http-equiv="Content-Type" content="text/html;charset=utf-8" />
  <meta name='ocr-system' content='tesseract 3.04.00' />
  <meta name='ocr-capabilities' content='ocr_page ocr_carea ocr_par ocr_line ocrx_word'/>
</head>
<body>
  <div class='ocr_page' id='page_1' title='image "./euclidisoperaom18unkngoog/euclidisoperaom18unkngoog_0146.png"; bbox 0 0 2408 3848; ppageno 0'>
   <div class='ocr_carea' id='block_1_1' title="bbox 402 135 1094 202">
    <p class='ocr_par' dir='ltr' id='par_1_1' title="bbox 402 135 1094 202">
     <span class='ocr_line' id='line_1_1' title="bbox 402 135 1094 202; baseline -0.003 -10"><span class='ocrx_word' id='word_1_1' title='bbox 402 138 452 192; x_wconf 89' lang='lat' dir='ltr'><strong>AD</strong></span> <span class='ocrx_word' id='word_1_2' title='bbox 471 135 657 193; x_wconf 79' lang='lat' dir='ltr'>EUCLIDEM</span> <span class='ocrx_word' id='word_1_3' title='bbox 674 136 741 193; x_wconf 88' lang='lat' dir='ltr'>LIB.</span> <span class='ocrx_word' id='word_1_4' title='bbox 756 137 789 192; x_wconf 93' lang='grc' dir='ltr'><strong>Π.</strong></span> <span class='ocrx_word' id='word_1_5' title='bbox 1031 139 1094 202; x_wconf 89' lang='lat'><strong>109</strong></span> 
     </span>
    </p>
   </div>
   <div class='ocr_carea' id='block_1_2' title="bbox 74 306 1137 2967">
    <p class='ocr_par' dir='ltr' id='par_1_2' title="bbox 74 306 1137 1544">
     <span class='ocr_line' id='line_1_2' title="bbox 74 306 1094 384; baseline -0.002 -18"><span class='ocrx_word' id='word_1_6' title='bbox 74 308 182 384; x_wconf 90' lang='lat' dir='ltr'><strong>Inquit</strong></span> <span class='ocrx_word' id='word_1_7' title='bbox 205 308 338 368; x_wconf 76' lang='lat' dir='ltr'><strong>Ynnrus:</strong></span> <span class='ocrx_word' id='word_1_8' title='bbox 371 308 434 367; x_wconf 85' lang='lat' dir='ltr'><strong>Nos</strong></span> <span class='ocrx_word' id='word_1_9' title='bbox 462 326 532 367; x_wconf 83' lang='lat' dir='ltr'><strong>vero</strong></span> <span class='ocrx_word' id='word_1_10' title='bbox 559 307 591 364; x_wconf 96' lang='lat' dir='ltr'><strong>in</strong></span> <span class='ocrx_word' id='word_1_11' title='bbox 618 306 674 365; x_wconf 89' lang='lat' dir='ltr'><strong>hac</strong></span> <span class='ocrx_word' id='word_1_12' title='bbox 701 306 799 384; x_wconf 80' lang='lat' dir='ltr'><strong>figura</strong></span> <span class='ocrx_word' id='word_1_13' title='bbox 826 307 983 381; x_wconf 87' lang='lat' dir='ltr'><strong>faciemus,</strong></span> <span class='ocrx_word' id='word_1_14' title='bbox 1016 307 1094 383; x_wconf 91' lang='lat' dir='ltr'><strong>quod</strong></span> 
     </span>
     <span class='ocr_line' id='line_1_3' title="bbox 75 396 1095 473; baseline -0.002 -17"><span class='ocrx_word' id='word_1_15' title='bbox 75 399 240 457; x_wconf 78' lang='lat' dir='ltr'><strong>Eucnmns</strong></span> <span class='ocrx_word' id='word_1_16' title='bbox 267 397 299 455; x_wconf 90' lang='lat' dir='ltr'><strong>in</strong></span> <span class='ocrx_word' id='word_1_17' title='bbox 325 397 424 473; x_wconf 89' lang='lat' dir='ltr'><strong>prima</strong></span> <span class='ocrx_word' id='word_1_18' title='bbox 450 400 536 473; x_wconf 87' lang='lat' dir='ltr'><strong>parte</strong></span> <span class='ocrx_word' id='word_1_19' title='bbox 564 396 648 471; x_wconf 89' lang='lat' dir='ltr'><strong>fecit,</strong></span> <span class='ocrx_word' id='word_1_20' title='bbox 681 399 711 454; x_wconf 93' lang='lat' dir='ltr'><strong>et</strong></span> <span class='ocrx_word' id='word_1_21' title='bbox 739 396 927 454; x_wconf 79' lang='lat' dir='ltr'><strong>ostendemus</strong></span> <span class='ocrx_word' id='word_1_22' title='bbox 954 397 1036 454; x_wconf 90' lang='lat' dir='ltr'><strong>istud</strong></span> <span class='ocrx_word' id='word_1_23' title='bbox 1064 397 1095 454; x_wconf 92' lang='lat' dir='ltr'><strong>in</strong></span> 
     </span>
     <span class='ocr_line' id='line_1_4' title="bbox 74 485 1095 564; baseline 0 -20"><span class='ocrx_word' id='word_1_24' title='bbox 74 487 133 544; x_wconf 87' lang='lat' dir='ltr'><strong>bae</strong></span> <span class='ocrx_word' id='word_1_25' title='bbox 154 487 254 564; x_wconf 83' lang='lat' dir='ltr'><strong>figura</strong></span> <span class='ocrx_word' id='word_1_26' title='bbox 282 489 313 546; x_wconf 92' lang='lat' dir='ltr'><strong>et</strong></span> <span class='ocrx_word' id='word_1_27' title='bbox 338 487 371 544; x_wconf 92' lang='lat' dir='ltr'><strong>in</strong></span> <span class='ocrx_word' id='word_1_28' title='bbox 397 485 509 564; x_wconf 84' lang='lat' dir='ltr'><strong>figura,</strong></span> <span class='ocrx_word' id='word_1_29' title='bbox 538 504 595 560; x_wconf 90' lang='lat' dir='ltr'><strong>que</strong></span> <span class='ocrx_word' id='word_1_30' title='bbox 623 485 761 560; x_wconf 90' lang='lat' dir='ltr'><strong>sequitur</strong></span> <span class='ocrx_word' id='word_1_31' title='bbox 788 504 862 543; x_wconf 91' lang='lat' dir='ltr'><strong>eam.</strong></span> <span class='ocrx_word' id='word_1_32' title='bbox 912 485 996 543; x_wconf 80' lang='lat' dir='ltr'>Dixit</span> <span class='ocrx_word' id='word_1_33' title='bbox 1024 505 1095 563; x_wconf 85' lang='lat' dir='ltr'><strong>ergo</strong></span> 
     </span>
     <span class='ocr_line' id='line_1_5' title="bbox 76 574 1096 652; baseline 0 -18"><span class='ocrx_word' id='word_1_34' title='bbox 76 577 252 652; x_wconf 83' lang='lat' dir='ltr'><strong>Eucnrnns,</strong></span> <span class='ocrx_word' id='word_1_35' title='bbox 291 576 372 652; x_wconf 94' lang='lat' dir='ltr'><strong>quod</strong></span> <span class='ocrx_word' id='word_1_36' title='bbox 404 576 498 634; x_wconf 90' lang='lat' dir='ltr'><strong>omnis</strong></span> <span class='ocrx_word' id='word_1_37' title='bbox 530 574 676 651; x_wconf 77' lang='lat' dir='ltr'><strong>trianguli</strong></span> <span class='ocrx_word' id='word_1_38' title='bbox 707 574 882 652; x_wconf 82' lang='lat' dir='ltr'><strong>ambligonii</strong></span> <span class='ocrx_word' id='word_1_39' title='bbox 914 575 1096 650; x_wconf 90' lang='lat' dir='ltr'><strong>quadratum</strong></span> 
     </span>
     <span class='ocr_line' id='line_1_6' title="bbox 75 663 1135 740; baseline -0.002 -16"><span class='ocrx_word' id='word_1_40' title='bbox 75 667 192 724; x_wconf 86' lang='lat' dir='ltr'><strong>factum</strong></span> <span class='ocrx_word' id='word_1_41' title='bbox 226 683 262 722; x_wconf 87' lang='lat' dir='ltr'><strong>ex</strong></span> <span class='ocrx_word' id='word_1_42' title='bbox 288 665 395 740; x_wconf 89' lang='lat' dir='ltr'><strong>latere,</strong></span> <span class='ocrx_word' id='word_1_43' title='bbox 429 665 482 740; x_wconf 91' lang='lat' dir='ltr'><strong>qni</strong></span> <span class='ocrx_word' id='word_1_44' title='bbox 514 663 704 723; x_wconf 76' lang='lat' dir='ltr'><strong>subtenditur</strong></span> <span class='ocrx_word' id='word_1_45' title='bbox 731 664 842 740; x_wconf 81' lang='lat' dir='ltr'><strong>angulo</strong></span> <span class='ocrx_word' id='word_1_46' title='bbox 875 683 1016 739; x_wconf 84' lang='lat' dir='ltr'><strong>expanso,</strong></span> <span class='ocrx_word' id='word_1_47' title='bbox 1050 668 1096 723; x_wconf 90' lang='lat' dir='ltr'><strong>est</strong></span> <span class='ocrx_word' id='word_1_48' title='bbox 1122 675 1135 714; x_wconf 79' lang='lat' dir='ltr'><strong>f&gt;</strong></span> 
     </span>
     <span class='ocr_line' id='line_1_7' title="bbox 76 752 1096 828; baseline 0 -16"><span class='ocrx_word' id='word_1_49' title='bbox 76 754 176 812; x_wconf 90' lang='lat' dir='ltr'><strong>maius</strong></span> <span class='ocrx_word' id='word_1_50' title='bbox 199 753 408 813; x_wconf 88' lang='lat' dir='ltr'><strong>coniunctione</strong></span> <span class='ocrx_word' id='word_1_51' title='bbox 427 754 555 812; x_wconf 91' lang='lat' dir='ltr'><strong>duorum</strong></span> <span class='ocrx_word' id='word_1_52' title='bbox 574 752 797 828; x_wconf 67' lang='lat' dir='ltr'><strong>quadratorum,</strong></span> <span class='ocrx_word' id='word_1_53' title='bbox 821 772 879 828; x_wconf 88' lang='lat' dir='ltr'><strong>que</strong></span> <span class='ocrx_word' id='word_1_54' title='bbox 897 752 975 812; x_wconf 91' lang='lat' dir='ltr'><strong>fiunt</strong></span> <span class='ocrx_word' id='word_1_55' title='bbox 993 773 1028 812; x_wconf 88' lang='lat' dir='ltr'><strong>ex</strong></span> <span class='ocrx_word' id='word_1_56' title='bbox 1051 773 1096 812; x_wconf 91' lang='lat' dir='ltr'><strong>re·</strong></span> 
     </span>
     <span class='ocr_line' id='line_1_8' title="bbox 77 841 1095 919; baseline -0.001 -18"><span class='ocrx_word' id='word_1_57' title='bbox 77 843 172 918; x_wconf 89' lang='lat' dir='ltr'><strong>liquis</strong></span> <span class='ocrx_word' id='word_1_58' title='bbox 195 843 310 902; x_wconf 89' lang='lat' dir='ltr'><strong>duobus</strong></span> <span class='ocrx_word' id='word_1_59' title='bbox 333 842 479 902; x_wconf 85' lang='lat' dir='ltr'><strong>lateribus</strong></span> <span class='ocrx_word' id='word_1_60' title='bbox 502 841 723 902; x_wconf 79' lang='lat' dir='ltr'><strong>continentibus</strong></span> <span class='ocrx_word' id='word_1_61' title='bbox 753 843 897 919; x_wconf 81' lang='lat' dir='ltr'><strong>angulum</strong></span> <span class='ocrx_word' id='word_1_62' title='bbox 921 861 1095 918; x_wconf 89' lang='lat' dir='ltr'><strong>expansum:</strong></span> 
     </span>
     <span class='ocr_line' id='line_1_9' title="bbox 76 930 1096 1009; baseline -0.002 -17"><span class='ocrx_word' id='word_1_63' title='bbox 76 951 134 992; x_wconf 89' lang='lat' dir='ltr'><strong>nos</strong></span> <span class='ocrx_word' id='word_1_64' title='bbox 157 932 262 1007; x_wconf 90' lang='lat' dir='ltr'><strong>itaque</strong></span> <span class='ocrx_word' id='word_1_65' title='bbox 290 933 492 1009; x_wconf 82' lang='lat' dir='ltr'><strong>ostendemus,</strong></span> <span class='ocrx_word' id='word_1_66' title='bbox 520 931 600 1007; x_wconf 88' lang='lat' dir='ltr'><strong>quod</strong></span> <span class='ocrx_word' id='word_1_67' title='bbox 628 930 740 988; x_wconf 89' lang='lat' dir='ltr'><strong>omnis</strong></span> <span class='ocrx_word' id='word_1_68' title='bbox 768 931 965 1008; x_wconf 84' lang='lat' dir='ltr'><strong>trianguli,</strong></span> <span class='ocrx_word' id='word_1_69' title='bbox 993 932 1096 990; x_wconf 90' lang='lat' dir='ltr'><strong>cuius</strong></span> 
     </span>
     <span class='ocr_line' id='line_1_10' title="bbox 75 1019 1096 1097; baseline -0.001 -17"><span class='ocrx_word' id='word_1_70' title='bbox 75 1021 187 1080; x_wconf 87' lang='lat' dir='ltr'><strong>unius</strong></span> <span class='ocrx_word' id='word_1_71' title='bbox 210 1021 366 1080; x_wconf 89' lang='lat' dir='ltr'><strong>laterum</strong></span> <span class='ocrx_word' id='word_1_72' title='bbox 389 1022 604 1097; x_wconf 90' lang='lat' dir='ltr'><strong>quadratum</strong></span> <span class='ocrx_word' id='word_1_73' title='bbox 627 1021 682 1077; x_wconf 91' lang='lat' dir='ltr'><strong>est</strong></span> <span class='ocrx_word' id='word_1_74' title='bbox 703 1019 817 1078; x_wconf 90' lang='lat' dir='ltr'><strong>maius</strong></span> <span class='ocrx_word' id='word_1_75' title='bbox 841 1021 1096 1080; x_wconf 88' lang='lat' dir='ltr'><strong>coniunctione</strong></span> 
     </span>
     <span class='ocr_line' id='line_1_11' title="bbox 77 1108 1137 1186; baseline 0.002 -19"><span class='ocrx_word' id='word_1_76' title='bbox 77 1110 350 1186; x_wconf 77' lang='lat' dir='ltr'><strong>quadratorum,</strong></span> <span class='ocrx_word' id='word_1_77' title='bbox 375 1129 442 1186; x_wconf 89' lang='lat' dir='ltr'><strong>que</strong></span> <span class='ocrx_word' id='word_1_78' title='bbox 461 1111 558 1168; x_wconf 91' lang='lat' dir='ltr'><strong>fiunt</strong></span> <span class='ocrx_word' id='word_1_79' title='bbox 577 1129 617 1166; x_wconf 83' lang='lat' dir='ltr'><strong>ex</strong></span> <span class='ocrx_word' id='word_1_80' title='bbox 634 1108 789 1183; x_wconf 89' lang='lat' dir='ltr'><strong>reliquis</strong></span> <span class='ocrx_word' id='word_1_81' title='bbox 808 1109 989 1168; x_wconf 88' lang='lat' dir='ltr'><strong>lateribus</strong></span> <span class='ocrx_word' id='word_1_82' title='bbox 1009 1112 1137 1169; x_wconf 90' lang='lat' dir='ltr'><strong>duo-10</strong></span> 
     </span>
     <span class='ocr_line' id='line_1_12' title="bbox 76 1197 1096 1276; baseline 0.001 -19"><span class='ocrx_word' id='word_1_83' title='bbox 76 1200 159 1274; x_wconf 88' lang='lat' dir='ltr'><strong>bus,</strong></span> <span class='ocrx_word' id='word_1_84' title='bbox 182 1200 337 1276; x_wconf 83' lang='lat' dir='ltr'><strong>angulus</strong></span> <span class='ocrx_word' id='word_1_85' title='bbox 362 1200 403 1258; x_wconf 89' lang='lat' dir='ltr'><strong>ab</strong></span> <span class='ocrx_word' id='word_1_86' title='bbox 426 1199 506 1257; x_wconf 90' lang='lat' dir='ltr'><strong>illis</strong></span> <span class='ocrx_word' id='word_1_87' title='bbox 534 1197 672 1256; x_wconf 88' lang='lat' dir='ltr'><strong>duobus</strong></span> <span class='ocrx_word' id='word_1_88' title='bbox 700 1197 880 1255; x_wconf 87' lang='lat' dir='ltr'><strong>lateribus</strong></span> <span class='ocrx_word' id='word_1_89' title='bbox 905 1201 1096 1259; x_wconf 90' lang='lat' dir='ltr'><strong>contentus</strong></span> 
     </span>
     <span class='ocr_line' id='line_1_13' title="bbox 77 1286 1096 1366; baseline 0.001 -20"><span class='ocrx_word' id='word_1_90' title='bbox 77 1290 136 1347; x_wconf 91' lang='lat' dir='ltr'><strong>est</strong></span> <span class='ocrx_word' id='word_1_91' title='bbox 159 1307 346 1364; x_wconf 87' lang='lat' dir='ltr'><strong>expansus.</strong></span> <span class='ocrx_word' id='word_1_92' title='bbox 385 1289 432 1348; x_wconf 82' lang='lat' dir='ltr'><strong>Sit</strong></span> <span class='ocrx_word' id='word_1_93' title='bbox 450 1308 520 1366; x_wconf 84' lang='lat' dir='ltr'><strong>ergo</strong></span> <span class='ocrx_word' id='word_1_94' title='bbox 539 1286 709 1363; x_wconf 84' lang='lat' dir='ltr'><strong>triangulus</strong></span> <span class='ocrx_word' id='word_1_95' title='bbox 728 1286 815 1345; x_wconf 92' lang='lat' dir='ltr'><strong>datus</strong></span> <span class='ocrx_word' id='word_1_96' title='bbox 833 1287 1004 1366; x_wconf 82' lang='lat' dir='ltr'><strong>triangulus</strong></span> <span class='ocrx_word' id='word_1_97' title='bbox 1024 1290 1096 1363; x_wconf 70' lang='lat' dir='ltr'><strong>uby,</strong></span> 
     </span>
     <span class='ocr_line' id='line_1_14' title="bbox 77 1375 1096 1453; baseline 0 -16"><span class='ocrx_word' id='word_1_98' title='bbox 77 1380 112 1437; x_wconf 91' lang='lat' dir='ltr'><strong>et</strong></span> <span class='ocrx_word' id='word_1_99' title='bbox 134 1377 175 1436; x_wconf 93' lang='lat' dir='ltr'><strong>sit</strong></span> <span class='ocrx_word' id='word_1_100' title='bbox 198 1378 379 1453; x_wconf 89' lang='lat' dir='ltr'><strong>quadratum</strong></span> <span class='ocrx_word' id='word_1_101' title='bbox 403 1379 443 1452; x_wconf 68' lang='lat' dir='ltr'><strong>bo</strong></span> <span class='ocrx_word' id='word_1_102' title='bbox 465 1378 562 1436; x_wconf 90' lang='lat' dir='ltr'><strong>maius</strong></span> <span class='ocrx_word' id='word_1_103' title='bbox 585 1375 793 1434; x_wconf 87' lang='lat' dir='ltr'><strong>coniunctione</strong></span> <span class='ocrx_word' id='word_1_104' title='bbox 816 1376 944 1435; x_wconf 91' lang='lat' dir='ltr'><strong>duorum</strong></span> <span class='ocrx_word' id='word_1_105' title='bbox 967 1379 1017 1453; x_wconf 84' lang='lat' dir='ltr'><strong>bu,</strong></span> <span class='ocrx_word' id='word_1_106' title='bbox 1041 1396 1096 1452; x_wconf 73' lang='lat' dir='ltr'><strong>ay:</strong></span> 
     </span>
     <span class='ocr_line' id='line_1_15' title="bbox 75 1465 865 1544; baseline -0.005 -18"><span class='ocrx_word' id='word_1_107' title='bbox 75 1467 147 1526; x_wconf 90' lang='lat' dir='ltr'><strong>dico</strong></span> <span class='ocrx_word' id='word_1_108' title='bbox 170 1467 274 1543; x_wconf 84' lang='lat' dir='ltr'><strong>igitur,</strong></span> <span class='ocrx_word' id='word_1_109' title='bbox 297 1468 378 1543; x_wconf 90' lang='lat' dir='ltr'><strong>quod</strong></span> <span class='ocrx_word' id='word_1_110' title='bbox 401 1467 530 1544; x_wconf 81' lang='lat' dir='ltr'><strong>angulus</strong></span> <span class='ocrx_word' id='word_1_111' title='bbox 554 1469 618 1539; x_wconf 74' lang='lat' dir='ltr'><strong>buy</strong></span> <span class='ocrx_word' id='word_1_112' title='bbox 641 1465 687 1522; x_wconf 88' lang='lat' dir='ltr'><strong>est</strong></span> <span class='ocrx_word' id='word_1_113' title='bbox 709 1482 865 1540; x_wconf 86' lang='lat' dir='ltr'><strong>expansus.</strong></span> 
     </span>
    </p>

    <p class='ocr_par' dir='ltr' id='par_1_3' title="bbox 74 1554 1136 1813">
     <span class='ocr_line' id='line_1_16' title="bbox 169 1554 1136 1632; baseline -0.007 -18"><span class='ocrx_word' id='word_1_114' title='bbox 169 1555 312 1616; x_wconf 90' lang='lat' dir='ltr'><strong>Probatio</strong></span> <span class='ocrx_word' id='word_1_115' title='bbox 327 1556 399 1631; x_wconf 87' lang='lat' dir='ltr'><strong>eius,</strong></span> <span class='ocrx_word' id='word_1_116' title='bbox 419 1557 561 1632; x_wconf 90' lang='lat' dir='ltr'><strong>quoniam</strong></span> <span class='ocrx_word' id='word_1_117' title='bbox 579 1554 754 1631; x_wconf 89' lang='lat' dir='ltr'><strong>protraham</strong></span> <span class='ocrx_word' id='word_1_118' title='bbox 772 1572 790 1611; x_wconf 91' lang='lat' dir='ltr'><strong>a</strong></span> <span class='ocrx_word' id='word_1_119' title='bbox 803 1556 915 1628; x_wconf 92' lang='lat' dir='ltr'><strong>puncto</strong></span> <span class='ocrx_word' id='word_1_120' title='bbox 930 1573 949 1613; x_wconf 87' lang='lat' dir='ltr'><strong>a</strong></span> <span class='ocrx_word' id='word_1_121' title='bbox 962 1554 1040 1613; x_wconf 90' lang='lat' dir='ltr'><strong>linee</strong></span> <span class='ocrx_word' id='word_1_122' title='bbox 1055 1574 1096 1629; x_wconf 78' lang='lat' dir='ltr'><strong>op</strong></span> <span class='ocrx_word' id='word_1_123' title='bbox 1111 1569 1136 1608; x_wconf 87' lang='lat'><strong>15</strong></span> 
     </span>
     <span class='ocr_line' id='line_1_17' title="bbox 75 1643 1097 1723; baseline -0.003 -19"><span class='ocrx_word' id='word_1_124' title='bbox 75 1645 358 1723; x_wconf 79' lang='lat' dir='ltr'><strong>perpendicularem</strong></span> <span class='ocrx_word' id='word_1_125' title='bbox 381 1648 425 1705; x_wconf 84' lang='lat' dir='ltr'><strong>ad</strong></span> <span class='ocrx_word' id='word_1_126' title='bbox 448 1646 585 1721; x_wconf 90' lang='lat' dir='ltr'><strong>equalem</strong></span> <span class='ocrx_word' id='word_1_127' title='bbox 604 1643 693 1701; x_wconf 89' lang='lat' dir='ltr'><strong>lateri</strong></span> <span class='ocrx_word' id='word_1_128' title='bbox 711 1645 761 1718; x_wconf 84' lang='lat' dir='ltr'><strong>ab,</strong></span> <span class='ocrx_word' id='word_1_129' title='bbox 785 1643 862 1701; x_wconf 91' lang='lat' dir='ltr'><strong>siout</strong></span> <span class='ocrx_word' id='word_1_130' title='bbox 881 1647 1033 1702; x_wconf 88' lang='lat' dir='ltr'><strong>ostensum</strong></span> <span class='ocrx_word' id='word_1_131' title='bbox 1051 1647 1097 1702; x_wconf 88' lang='lat' dir='ltr'><strong>est</strong></span> 
     </span>
     <span class='ocr_line' id='line_1_18' title="bbox 74 1725 1096 1813; baseline -0.003 -19"><span class='ocrx_word' id='word_1_132' title='bbox 74 1755 115 1794; x_wconf 85' lang='lat' dir='ltr'><strong>ex</strong></span> <span class='ocrx_word' id='word_1_133' title='bbox 143 1735 320 1810; x_wconf 86' lang='lat' dir='ltr'><strong>probatione</strong></span> <span class='ocrx_word' id='word_1_134' title='bbox 347 1734 442 1813; x_wconf 82' lang='lat' dir='ltr'><strong>figure</strong></span> <span class='ocrx_word' id='word_1_135' title='bbox 471 1735 610 1793; x_wconf 88' lang='lat' dir='ltr'><strong>adiunote</strong></span> <span class='ocrx_word' id='word_1_136' title='bbox 636 1732 732 1810; x_wconf 81' lang='lat' dir='ltr'><strong>figure</strong></span> <span class='ocrx_word' id='word_1_137' title='bbox 754 1735 807 1790; x_wconf 78' lang='grc' dir='ltr'><strong>11θ</strong></span> <span class='ocrx_word' id='word_1_138' title='bbox 834 1725 949 1810; x_wconf 82' lang='lat' dir='ltr'><strong>&lt;prime</strong></span> <span class='ocrx_word' id='word_1_139' title='bbox 972 1727 1096 1811; x_wconf 79' lang='lat' dir='ltr'><strong>partis&gt;,</strong></span> 
     </span>
    </p>

    <p class='ocr_par' dir='ltr' id='par_1_4' title="bbox 76 1821 1137 2967">
     <span class='ocr_line' id='line_1_19' title="bbox 637 1821 1095 1897; baseline 0.002 -18"><span class='ocrx_word' id='word_1_140' title='bbox 637 1825 668 1879; x_wconf 91' lang='lat' dir='ltr'><strong>et</strong></span> <span class='ocrx_word' id='word_1_141' title='bbox 699 1821 863 1897; x_wconf 82' lang='lat' dir='ltr'><strong>producam</strong></span> <span class='ocrx_word' id='word_1_142' title='bbox 899 1823 1011 1880; x_wconf 88' lang='lat' dir='ltr'><strong>lineam</strong></span> <span class='ocrx_word' id='word_1_143' title='bbox 1043 1824 1095 1897; x_wconf 69' lang='lat' dir='ltr'><strong>qd.</strong></span> 
     </span>
     <span class='ocr_line' id='line_1_20' title="bbox 635 1910 1097 1986; baseline 0.004 -18"><span class='ocrx_word' id='word_1_144' title='bbox 635 1911 676 1968; x_wconf 82' lang='lat' dir='ltr'><strong>Et</strong></span> <span class='ocrx_word' id='word_1_145' title='bbox 695 1911 765 1986; x_wconf 90' lang='lat' dir='ltr'><strong>quia</strong></span> <span class='ocrx_word' id='word_1_146' title='bbox 785 1910 968 1986; x_wconf 85' lang='lat' dir='ltr'><strong>quadratum</strong></span> <span class='ocrx_word' id='word_1_147' title='bbox 987 1913 1029 1971; x_wconf 85' lang='lat' dir='ltr'><strong>ab</strong></span> <span class='ocrx_word' id='word_1_148' title='bbox 1051 1915 1097 1971; x_wconf 87' lang='lat' dir='ltr'><strong>ost</strong></span> 
     </span>
     <span class='ocr_line' id='line_1_21' title="bbox 636 2001 1136 2076; baseline 0.008 -20"><span class='ocrx_word' id='word_1_149' title='bbox 636 2001 742 2075; x_wconf 91' lang='lat' dir='ltr'><strong>equale</strong></span> <span class='ocrx_word' id='word_1_150' title='bbox 767 2001 914 2076; x_wconf 87' lang='lat' dir='ltr'><strong>quadrato</strong></span> <span class='ocrx_word' id='word_1_151' title='bbox 938 2002 995 2075; x_wconf 85' lang='lat' dir='ltr'><strong>ad,</strong></span> <span class='ocrx_word' id='word_1_152' title='bbox 1028 2021 1096 2060; x_wconf 91' lang='lat' dir='ltr'><strong>cum</strong></span> <span class='ocrx_word' id='word_1_153' title='bbox 1110 2015 1136 2054; x_wconf 73' lang='lat'><strong>20</strong></span> 
     </span>
     <span class='ocr_line' id='line_1_22' title="bbox 636 2091 1097 2166; baseline 0.011 -21"><span class='ocrx_word' id='word_1_154' title='bbox 636 2107 706 2165; x_wconf 84' lang='lat' dir='ltr'><strong>ergo</strong></span> <span class='ocrx_word' id='word_1_155' title='bbox 740 2108 880 2165; x_wconf 85' lang='lat' dir='ltr'><strong>accepero</strong></span> <span class='ocrx_word' id='word_1_156' title='bbox 913 2091 1097 2166; x_wconf 89' lang='lat' dir='ltr'><strong>quadratum</strong></span> 
     </span>
     <span class='ocr_line' id='line_1_23' title="bbox 637 2181 1096 2257; baseline 0.007 -22"><span class='ocrx_word' id='word_1_157' title='bbox 637 2196 679 2251; x_wconf 77' lang='lat' dir='ltr'><strong>ap</strong></span> <span class='ocrx_word' id='word_1_158' title='bbox 690 2196 855 2252; x_wconf 90' lang='lat' dir='ltr'><strong>commune,</strong></span> <span class='ocrx_word' id='word_1_159' title='bbox 870 2199 940 2257; x_wconf 82' lang='lat' dir='ltr'><strong>ergo</strong></span> <span class='ocrx_word' id='word_1_160' title='bbox 956 2181 1014 2239; x_wconf 90' lang='lat' dir='ltr'><strong>erit</strong></span> <span class='ocrx_word' id='word_1_161' title='bbox 1029 2200 1096 2240; x_wconf 92' lang='lat' dir='ltr'><strong>con-</strong></span> 
     </span>
     <span class='ocr_line' id='line_1_24' title="bbox 636 2267 1096 2343; baseline 0.011 -20"><span class='ocrx_word' id='word_1_162' title='bbox 636 2267 751 2324; x_wconf 88' lang='lat' dir='ltr'><strong>iunctio</strong></span> <span class='ocrx_word' id='word_1_163' title='bbox 777 2268 906 2326; x_wconf 93' lang='lat' dir='ltr'><strong>duorum</strong></span> <span class='ocrx_word' id='word_1_164' title='bbox 933 2269 1096 2343; x_wconf 90' lang='lat' dir='ltr'><strong>quadrato-</strong></span> 
     </span>
     <span class='ocr_line' id='line_1_25' title="bbox 636 2356 1097 2430; baseline 0.011 -18"><span class='ocrx_word' id='word_1_165' title='bbox 636 2375 717 2429; x_wconf 91' lang='lat' dir='ltr'><strong>rum,</strong></span> <span class='ocrx_word' id='word_1_166' title='bbox 742 2376 800 2430; x_wconf 91' lang='lat' dir='ltr'><strong>que</strong></span> <span class='ocrx_word' id='word_1_167' title='bbox 823 2356 901 2415; x_wconf 92' lang='lat' dir='ltr'><strong>fiunt</strong></span> <span class='ocrx_word' id='word_1_168' title='bbox 924 2377 959 2415; x_wconf 85' lang='lat' dir='ltr'><strong>ex</strong></span> <span class='ocrx_word' id='word_1_169' title='bbox 980 2359 1097 2416; x_wconf 90' lang='lat' dir='ltr'><strong>duabus</strong></span> 
     </span>
     <span class='ocr_line' id='line_1_26' title="bbox 636 2444 1137 2521; baseline 0.006 -20"><span class='ocrx_word' id='word_1_170' title='bbox 636 2444 722 2502; x_wconf 89' lang='lat' dir='ltr'><strong>lineis</strong></span> <span class='ocrx_word' id='word_1_171' title='bbox 746 2447 796 2520; x_wconf 85' lang='lat' dir='ltr'><strong>ab,</strong></span> <span class='ocrx_word' id='word_1_172' title='bbox 820 2464 871 2520; x_wconf 70' lang='lat' dir='ltr'><strong>op,</strong></span> <span class='ocrx_word' id='word_1_173' title='bbox 894 2447 1010 2521; x_wconf 87' lang='lat' dir='ltr'><strong>equalis</strong></span> <span class='ocrx_word' id='word_1_174' title='bbox 1030 2466 1096 2506; x_wconf 89' lang='lat' dir='ltr'><strong>con·</strong></span> <span class='ocrx_word' id='word_1_175' title='bbox 1112 2459 1137 2498; x_wconf 76' lang='lat'><strong>25</strong></span> 
     </span>
     <span class='ocr_line' id='line_1_27' title="bbox 635 2533 1096 2611; baseline 0.009 -20"><span class='ocrx_word' id='word_1_176' title='bbox 635 2533 782 2592; x_wconf 88' lang='lat' dir='ltr'><strong>iunctioni</strong></span> <span class='ocrx_word' id='word_1_177' title='bbox 810 2535 938 2593; x_wconf 92' lang='lat' dir='ltr'><strong>duorum</strong></span> <span class='ocrx_word' id='word_1_178' title='bbox 970 2537 1096 2611; x_wconf 87' lang='lat' dir='ltr'><strong>quadra-</strong></span> 
     </span>
     <span class='ocr_line' id='line_1_28' title="bbox 76 2619 1097 2698; baseline 0.006 -20"><span class='ocrx_word' id='word_1_179' title='bbox 76 2622 182 2678; x_wconf 91' lang='lat' dir='ltr'><strong>torum</strong></span> <span class='ocrx_word' id='word_1_180' title='bbox 204 2620 256 2694; x_wconf 84' lang='lat' dir='ltr'><strong>da,</strong></span> <span class='ocrx_word' id='word_1_181' title='bbox 280 2637 329 2693; x_wconf 73' lang='lat' dir='ltr'><strong>ap.</strong></span> <span class='ocrx_word' id='word_1_182' title='bbox 377 2619 434 2678; x_wconf 87' lang='lat' dir='ltr'><strong>Sed</strong></span> <span class='ocrx_word' id='word_1_183' title='bbox 457 2638 510 2679; x_wconf 91' lang='lat' dir='ltr'><strong>nos</strong></span> <span class='ocrx_word' id='word_1_184' title='bbox 533 2622 688 2695; x_wconf 87' lang='lat' dir='ltr'><strong>posuimus</strong></span> <span class='ocrx_word' id='word_1_185' title='bbox 712 2623 893 2698; x_wconf 88' lang='lat' dir='ltr'><strong>quadratum</strong></span> <span class='ocrx_word' id='word_1_186' title='bbox 920 2626 1035 2684; x_wconf 89' lang='lat' dir='ltr'><strong>faotum</strong></span> <span class='ocrx_word' id='word_1_187' title='bbox 1063 2646 1097 2683; x_wconf 81' lang='lat' dir='ltr'><strong>ex</strong></span> 
     </span>
     <span class='ocr_line' id='line_1_29' title="bbox 77 2708 1096 2790; baseline 0.007 -24"><span class='ocrx_word' id='word_1_188' title='bbox 77 2709 176 2766; x_wconf 88' lang='lat' dir='ltr'><strong>latare</strong></span> <span class='ocrx_word' id='word_1_189' title='bbox 200 2709 240 2782; x_wconf 71' lang='lat' dir='ltr'><strong>by</strong></span> <span class='ocrx_word' id='word_1_190' title='bbox 266 2708 364 2767; x_wconf 89' lang='lat' dir='ltr'><strong>maius</strong></span> <span class='ocrx_word' id='word_1_191' title='bbox 393 2709 600 2769; x_wconf 86' lang='lat' dir='ltr'><strong>coniunctione</strong></span> <span class='ocrx_word' id='word_1_192' title='bbox 628 2711 757 2769; x_wconf 90' lang='lat' dir='ltr'><strong>duorum</strong></span> <span class='ocrx_word' id='word_1_193' title='bbox 785 2713 1015 2789; x_wconf 86' lang='lat' dir='ltr'><strong>quadratorum,</strong></span> <span class='ocrx_word' id='word_1_194' title='bbox 1039 2735 1096 2790; x_wconf 90' lang='lat' dir='ltr'><strong>que</strong></span> 
     </span>
     <span class='ocr_line' id='line_1_30' title="bbox 77 2795 1097 2878; baseline 0.008 -24"><span class='ocrx_word' id='word_1_195' title='bbox 77 2797 158 2854; x_wconf 92' lang='lat' dir='ltr'><strong>fiunt</strong></span> <span class='ocrx_word' id='word_1_196' title='bbox 176 2817 211 2855; x_wconf 85' lang='lat' dir='ltr'><strong>ex</strong></span> <span class='ocrx_word' id='word_1_197' title='bbox 230 2797 343 2855; x_wconf 92' lang='lat' dir='ltr'><strong>duobus</strong></span> <span class='ocrx_word' id='word_1_198' title='bbox 362 2798 506 2857; x_wconf 87' lang='lat' dir='ltr'><strong>lateribus</strong></span> <span class='ocrx_word' id='word_1_199' title='bbox 526 2801 576 2874; x_wconf 86' lang='lat' dir='ltr'><strong>ab,</strong></span> <span class='ocrx_word' id='word_1_200' title='bbox 600 2819 649 2875; x_wconf 79' lang='lat' dir='ltr'><strong>op,</strong></span> <span class='ocrx_word' id='word_1_201' title='bbox 672 2795 763 2878; x_wconf 80' lang='lat' dir='ltr'><strong>&lt;ergo</strong></span> <span class='ocrx_word' id='word_1_202' title='bbox 784 2802 966 2875; x_wconf 87' lang='lat' dir='ltr'><strong>quadratum</strong></span> <span class='ocrx_word' id='word_1_203' title='bbox 984 2805 1097 2862; x_wconf 87' lang='lat' dir='ltr'><strong>factum</strong></span> 
     </span>
     <span class='ocr_line' id='line_1_31' title="bbox 79 2886 1137 2967; baseline 0.008 -23"><span class='ocrx_word' id='word_1_204' title='bbox 79 2886 229 2944; x_wconf 87' lang='lat' dir='ltr'><strong>exlatere</strong></span> <span class='ocrx_word' id='word_1_205' title='bbox 249 2887 291 2960; x_wconf 73' lang='lat' dir='ltr'><strong>by</strong></span> <span class='ocrx_word' id='word_1_206' title='bbox 309 2887 366 2945; x_wconf 91' lang='lat' dir='ltr'><strong>erit</strong></span> <span class='ocrx_word' id='word_1_207' title='bbox 384 2887 481 2945; x_wconf 89' lang='lat' dir='ltr'><strong>maius</strong></span> <span class='ocrx_word' id='word_1_208' title='bbox 501 2887 707 2948; x_wconf 90' lang='lat' dir='ltr'><strong>coniunctione</strong></span> <span class='ocrx_word' id='word_1_209' title='bbox 727 2890 853 2949; x_wconf 90' lang='lat' dir='ltr'><strong>duorum</strong></span> <span class='ocrx_word' id='word_1_210' title='bbox 873 2892 1096 2967; x_wconf 86' lang='lat' dir='ltr'><strong>quadratorum,</strong></span> <span class='ocrx_word' id='word_1_211' title='bbox 1111 2906 1137 2944; x_wconf 77' lang='lat'><strong>30</strong></span> 
     </span>
    </p>
   </div>
   <div class='ocr_carea' id='block_1_3' title="bbox 75 2974 1138 3412">
    <p class='ocr_par' dir='ltr' id='par_1_5' title="bbox 75 2974 1138 3412">
     <span class='ocr_line' id='line_1_32' title="bbox 78 2974 1097 3061; baseline 0.009 -30"><span class='ocrx_word' id='word_1_212' title='bbox 78 2994 139 3050; x_wconf 91' lang='lat' dir='ltr'><strong>que</strong></span> <span class='ocrx_word' id='word_1_213' title='bbox 152 2974 230 3032; x_wconf 91' lang='lat' dir='ltr'><strong>fiunt</strong></span> <span class='ocrx_word' id='word_1_214' title='bbox 249 2994 284 3033; x_wconf 81' lang='lat' dir='ltr'><strong>ex</strong></span> <span class='ocrx_word' id='word_1_215' title='bbox 303 2975 417 3034; x_wconf 87' lang='lat' dir='ltr'><strong>duobus</strong></span> <span class='ocrx_word' id='word_1_216' title='bbox 436 2976 581 3034; x_wconf 87' lang='lat' dir='ltr'><strong>lateribus</strong></span> <span class='ocrx_word' id='word_1_217' title='bbox 595 2979 648 3053; x_wconf 82' lang='lat' dir='ltr'><strong>dc,</strong></span> <span class='ocrx_word' id='word_1_218' title='bbox 668 2974 737 3058; x_wconf 71' lang='lat' dir='ltr'><strong>ay).</strong></span> <span class='ocrx_word' id='word_1_219' title='bbox 771 2977 941 3039; x_wconf 84' lang='lat' dir='ltr'><strong>Secundum</strong></span> <span class='ocrx_word' id='word_1_220' title='bbox 955 2976 1097 3061; x_wconf 73' lang='lat' dir='ltr'><strong>(autem)</strong></span> 
     </span>
     <span class='ocr_line' id='line_1_33' title="bbox 77 3062 1097 3143; baseline 0.011 -23"><span class='ocrx_word' id='word_1_221' title='bbox 77 3062 289 3140; x_wconf 90' lang='lat' dir='ltr'><strong>probationem</strong></span> <span class='ocrx_word' id='word_1_222' title='bbox 311 3063 406 3142; x_wconf 79' lang='lat' dir='ltr'><strong>figure</strong></span> <span class='ocrx_word' id='word_1_223' title='bbox 431 3066 487 3123; x_wconf 78' lang='grc' dir='ltr'><strong>46Θ</strong></span> <span class='ocrx_word' id='word_1_224' title='bbox 510 3064 604 3140; x_wconf 91' lang='lat' dir='ltr'><strong>prime</strong></span> <span class='ocrx_word' id='word_1_225' title='bbox 627 3067 722 3143; x_wconf 87' lang='lat' dir='ltr'><strong>partis</strong></span> <span class='ocrx_word' id='word_1_226' title='bbox 747 3068 803 3127; x_wconf 89' lang='lat' dir='ltr'><strong>erit</strong></span> <span class='ocrx_word' id='word_1_227' title='bbox 833 3070 1003 3130; x_wconf 83' lang='lat' dir='ltr'><strong>coniunctio</strong></span> <span class='ocrx_word' id='word_1_228' title='bbox 1026 3072 1097 3131; x_wconf 89' lang='lat' dir='ltr'><strong>duo-</strong></span> 
     </span>
     <span class='ocr_line' id='line_1_34' title="bbox 77 3153 1096 3232; baseline 0.007 -20"><span class='ocrx_word' id='word_1_229' title='bbox 77 3172 147 3212; x_wconf 91' lang='lat' dir='ltr'><strong>rum</strong></span> <span class='ocrx_word' id='word_1_230' title='bbox 170 3153 385 3228; x_wconf 90' lang='lat' dir='ltr'><strong>quadratorum</strong></span> <span class='ocrx_word' id='word_1_231' title='bbox 408 3155 465 3229; x_wconf 83' lang='lat' dir='ltr'><strong>da,</strong></span> <span class='ocrx_word' id='word_1_232' title='bbox 493 3173 536 3229; x_wconf 73' lang='lat' dir='ltr'><strong>op</strong></span> <span class='ocrx_word' id='word_1_233' title='bbox 564 3157 678 3231; x_wconf 90' lang='lat' dir='ltr'><strong>equalis</strong></span> <span class='ocrx_word' id='word_1_234' title='bbox 706 3157 854 3232; x_wconf 90' lang='lat' dir='ltr'><strong>quadrato</strong></span> <span class='ocrx_word' id='word_1_235' title='bbox 881 3161 963 3218; x_wconf 85' lang='lat' dir='ltr'><strong>facto</strong></span> <span class='ocrx_word' id='word_1_236' title='bbox 991 3181 1027 3218; x_wconf 82' lang='lat' dir='ltr'><strong>ex</strong></span> <span class='ocrx_word' id='word_1_237' title='bbox 1054 3162 1096 3219; x_wconf 93' lang='lat' dir='ltr'><strong>la-</strong></span> 
     </span>
     <span class='ocr_line' id='line_1_35' title="bbox 75 3237 1098 3328; baseline 0.008 -28"><span class='ocrx_word' id='word_1_238' title='bbox 75 3245 144 3300; x_wconf 87' lang='lat' dir='ltr'><strong>tere</strong></span> <span class='ocrx_word' id='word_1_239' title='bbox 156 3243 213 3315; x_wconf 73' lang='lat' dir='ltr'><strong>qd:</strong></span> <span class='ocrx_word' id='word_1_240' title='bbox 238 3261 307 3319; x_wconf 84' lang='lat' dir='ltr'><strong>ergo</strong></span> <span class='ocrx_word' id='word_1_241' title='bbox 322 3243 401 3301; x_wconf 89' lang='lat' dir='ltr'><strong>latus</strong></span> <span class='ocrx_word' id='word_1_242' title='bbox 420 3237 458 3321; x_wconf 82' lang='lat' dir='ltr'><strong>&lt;b</strong></span> <span class='ocrx_word' id='word_1_243' title='bbox 462 3263 482 3317; x_wconf 78' lang='lat' dir='ltr'><strong>p</strong></span> <span class='ocrx_word' id='word_1_244' title='bbox 501 3245 558 3302; x_wconf 90' lang='lat' dir='ltr'><strong>erit</strong></span> <span class='ocrx_word' id='word_1_245' title='bbox 571 3245 668 3304; x_wconf 90' lang='lat' dir='ltr'><strong>maius</strong></span> <span class='ocrx_word' id='word_1_246' title='bbox 682 3247 776 3305; x_wconf 88' lang='lat' dir='ltr'><strong>latere</strong></span> <span class='ocrx_word' id='word_1_247' title='bbox 789 3249 841 3322; x_wconf 77' lang='lat' dir='ltr'><strong>pol.</strong></span> <span class='ocrx_word' id='word_1_248' title='bbox 866 3248 924 3307; x_wconf 87' lang='lat' dir='ltr'><strong>Sed</strong></span> <span class='ocrx_word' id='word_1_249' title='bbox 937 3245 1039 3328; x_wconf 86' lang='lat' dir='ltr'><strong>latus&gt;</strong></span> <span class='ocrx_word' id='word_1_250' title='bbox 1053 3252 1098 3308; x_wconf 85' lang='lat' dir='ltr'><strong>do</strong></span> 
     </span>
     <span class='ocr_line' id='line_1_36' title="bbox 77 3331 1138 3412; baseline 0.007 -22"><span class='ocrx_word' id='word_1_251' title='bbox 77 3331 188 3407; x_wconf 89' lang='lat' dir='ltr'><strong>equale</strong></span> <span class='ocrx_word' id='word_1_252' title='bbox 203 3331 292 3389; x_wconf 88' lang='lat' dir='ltr'><strong>lateri</strong></span> <span class='ocrx_word' id='word_1_253' title='bbox 306 3334 356 3408; x_wconf 85' lang='lat' dir='ltr'><strong>ab,</strong></span> <span class='ocrx_word' id='word_1_254' title='bbox 379 3352 448 3410; x_wconf 87' lang='lat' dir='ltr'><strong>ergo</strong></span> <span class='ocrx_word' id='word_1_255' title='bbox 468 3353 537 3392; x_wconf 89' lang='lat' dir='ltr'><strong>cum</strong></span> <span class='ocrx_word' id='word_1_256' title='bbox 556 3335 755 3410; x_wconf 87' lang='lat' dir='ltr'><strong>acceperimus</strong></span> <span class='ocrx_word' id='word_1_257' title='bbox 775 3337 854 3397; x_wconf 89' lang='lat' dir='ltr'><strong>latus</strong></span> <span class='ocrx_word' id='word_1_258' title='bbox 874 3357 916 3412; x_wconf 74' lang='lat' dir='ltr'><strong>ap</strong></span> <span class='ocrx_word' id='word_1_259' title='bbox 934 3357 1097 3412; x_wconf 86' lang='lat' dir='ltr'><strong>commune,</strong></span> <span class='ocrx_word' id='word_1_260' title='bbox 1112 3349 1138 3389; x_wconf 79' lang='lat'><strong>³5</strong></span> 
     </span>
    </p>
   </div>
   <div class='ocr_carea' id='block_1_4' title="bbox 154 3523 272 3574">
    <p class='ocr_par' dir='ltr' id='par_1_6' title="bbox 154 3523 272 3574">
     <span class='ocr_line' id='line_1_37' title="bbox 154 3523 272 3574; baseline 0.025 -3"><span class='ocrx_word' id='word_1_261' title='bbox 154 3523 195 3572; x_wconf 79' lang='lat'><strong>17.</strong></span> <span class='ocrx_word' id='word_1_262' title='bbox 216 3524 272 3574; x_wconf 77' lang='lat'><strong>12⁶.</strong></span> 
     </span>
    </p>
   </div>
   <div class='ocr_carea' id='block_1_5' title="bbox 0 0 1210 3848">
    <p class='ocr_par' dir='ltr' id='par_1_7' title="bbox 0 0 1210 3848">
     <span class='ocr_line' id='line_1_38' title="bbox 0 0 1210 3848; baseline 0 0"><span class='ocrx_word' id='word_1_263' title='bbox 0 0 1210 3848; x_wconf 95' lang='lat' dir='ltr'><strong> </strong></span> 
     </span>
    </p>
   </div>
  </div>
 </body>
</html>
