2408 3848
93 161 158 225 228
380 159 546 213 ANARI'I'II
563 157 819 214 COMOENTARJI

93 329 250 389 rationalis
273 328 306 385 in
327 328 524 405 longitudine,
547 329 627 386 linea
650 328 743 404 igitur
760 329 780 384 t
801 345 861 386 non
884 331 929 385 est
946 327 1105 387 rationalis

94 419 127 477 in
144 417 341 495 longitudino,
358 436 453 494 neque
473 420 519 476 est
531 417 686 476 rationulis
704 416 763 475 nisi
776 416 957 492 inpotentia
970 419 1105 476 tanturn:

95 526 165 584 ergo
189 507 246 564 duo
270 506 347 564 linae
370 508 410 565 de
432 507 503 565 eth
531 508 601 564 sunt
622 506 784 565 rationales
806 505 996 581 inpotentia
1020 509 1051 564 εὴ
1073 507 1107 564 in

96 615 132 654 ea
153 599 273 654 tantum
295 594 554 654 communicantes.
595 594 636 652 Ilt
658 595 759 668 etiarn,
781 594 853 670 qnia
873 595 1028 670 proportio
1051 615 1108 653 nu-

69 685 171 743 smeri
198 687 240 743 ba
272 684 310 742 ad
338 703 495 742 numerum
523 686 562 758 by
594 686 639 741 est
670 683 748 742 siout
778 684 932 759 proportio
964 684 1109 759 quadrati

95 773 169 832 faoti
197 794 232 831 ox
258 773 338 830 linea
365 774 406 831 de
436 773 475 831 ad
501 772 682 848 quadratum
708 773 822 830 factum
848 792 884 830 ex
911 772 992 830 linea
1013 792 1043 846 z,
1076 777 1108 832 et

95 863 249 938 proportio
272 861 388 919 numeri
411 864 452 921 ab
480 861 518 919 ad
540 881 698 919 numerum
721 862 760 934 tp
786 865 831 919 ost
853 862 931 918 siout
952 863 1107 937 proportio

96 951 211 1009 numeri
233 950 373 1026 quadrati
400 951 438 1009 ad
459 969 614 1008 numerum
635 949 831 1026 quadratum:
858 969 928 1027 ergo
950 951 1108 1026 proportio

96 1039 238 1116 quadrati
260 1040 300 1098 de
327 1039 366 1096 ad
395 1039 575 1115 quadratum
596 1057 613 1097 1
641 1041 686 1096 ost
713 1037 789 1096 siout
811 1039 965 1114 proportio
991 1042 1109 1097 numeri

57 1142 84 1180 1o
98 1127 238 1204 quadrati
261 1127 299 1184 ad
322 1147 478 1186 numerum
501 1127 689 1204 quadratum,
712 1147 783 1203 ergo
806 1129 846 1186 de
873 1128 1109 1187 communicata

96 1217 128 1275 in
156 1216 351 1292 longitudine.
401 1218 482 1293 Ergo
506 1218 545 1275 de
571 1219 672 1291 potest
694 1217 827 1291 supralt
854 1235 920 1274 oum
945 1220 1109 1294 augmento

96 1301 279 1384 (quadrati)
307 1305 384 1363 linae
416 1305 661 1365 communicantis
693 1304 750 1363 sibi
780 1305 813 1362 in
843 1305 1044 1383 longitudine,
1077 1310 1110 1364 et

96 1395 174 1453 illud
197 1397 249 1469 est,
273 1393 353 1469 quod
376 1394 576 1454 demonstrare
598 1393 759 1452 voluimus,

186 1482 275 1541 Volo
317 1484 523 1556 ostendero,
569 1482 728 1558 qualiter
768 1483 1001 1541 inveniantur
1042 1483 1110 1542 due

59 1583 85 1624 1⁶
99 1573 193 1630 linae
216 1572 416 1630 rationales
444 1575 479 1630 et
500 1572 537 1629 in
559 1572 726 1646 potentia
750 1573 893 1630 tantum
916 1573 1110 1631 eommuni-

101 1653 250 1743 ioantes,
282 1681 432 1735 quarum
459 1660 603 1736 longior
629 1678 738 1734 supra
765 1661 965 1720 breviorem
991 1662 1111 1736 possit
1130 1670 1167 1718 45

99 1770 176 1809 oum
208 1752 399 1825 augmento
436 1748 606 1824 quadrati
638 1748 733 1806 lineo
770 1749 931 1808 seiunote
968 1750 1038 1807 sibi
1074 1751 1112 1809 in

99 1830 369 1918 longitudine.¹)

190 1925 357 1983 Secundum
375 1925 451 1982 illud
468 1923 548 1982 idem
566 1925 733 2000 exemplum
752 1945 820 1984 oum
838 1946 908 2005 orgo
922 1927 1112 2002 posuerimus

59 2028 86 2068 ao
102 2016 143 2074 ob
171 2033 326 2071 numerum
354 2014 533 2089 quadratum
565 2016 596 2072 ot
625 2014 763 2073 similiter
788 2034 925 2075 numeros
949 2035 991 2090 aq
1018 2019 1048 2074 et
1069 2019 1112 2090 pb

101 2120 240 2161 numeros
263 2120 323 2160 non
346 2102 521 2178 quadratoS,
544 2105 575 2161 εὴ
596 2103 796 2180 posuerimus,
818 2100 942 2183 <quod>
965 2105 1022 2165 erit
1042 2125 1113 2182 pro-

241 2271 257 2377 lp
324 2287 381 2325 ooo
399 2273 551 2340 quadratas
624 2290 642 2380 p
676 2289 734 2327 nou
751 2275 903 2342 quadratos
947 2293 965 2329 a

205 2799 361 2804 ———
604 2787 608 2823 ι
688 2790 726 2824 1-
734 2805 846 2809 mm
855 2805 997 2811 ---—--—--
1012 2789 1015 2825 1

101 2900 201 2987 porpio
225 2900 363 2976 quadran
386 2901 463 2960 lineo
482 2903 521 2960 cle
543 2902 699 2962 rationalis
722 2904 755 2962 111
772 2904 958 2981 longitudine
983 2909 1013 2965 εὴ
1035 2927 1113 2971 oom-

101 2990 287 3049 munioantis
308 2989 386 3048 lineo
413 2991 510 3066 posite
538 2991 681 3050 rationali
707 2992 739 3050 in
763 2993 951 3071 longitudine
978 2995 1016 3053 ad
1040 3016 1113 3072 qua·

103 3077 222 3136 (iratum
239 3077 349 3136 lineet
367 3078 444 3138 siout
462 3081 615 3155 proportio
634 3082 751 3140 numeri
769 3084 810 3142 ab
834 3083 873 3141 ad
890 3103 1047 3143 numerum
1062 3104 1113 3161 ap,

175 3271 217 3319 20.
238 3266 267 3318 εὴ
284 3281 421 3319 numeros.
442 3298 475 3305 —
495 3271 608 3320 22—23.
629 3267 843 3324 communicans.

176 3462 202 3529 1)
222 3458 342 3513 01111111
356 3477 433 3529 prop.
451 3466 483 3514 18
504 3462 659 3531 (Hnmrnou
672 3463 706 3532 X,
718 3467 770 3535 30).
798 3465 851 3518 Hic
871 3482 980 3535 quoque
1000 3467 1115 3521 demon·

105 3530 206 3584 stratio
226 3547 243 3584 a
262 3529 382 3585 Ominr
401 3531 512 3586 diversa
531 3536 581 3588 est.
634 3578 638 3586 .
