2408 3848
397 165 446 218 111
465 163 651 223 1111111111
669 135 812 219 111111
1040 165 1105 228 1113

90 337 121 408 b,
156 336 186 391 et
217 334 297 410 quod
329 351 468 391 numerus
494 334 513 390 b
545 332 635 391 etiam
662 327 763 410 (non)
796 335 840 392 est
872 333 986 408 equalis
1013 333 1105 390 alioui

90 442 281 482 numerorum
296 441 323 496 o,
339 424 363 482 b.
402 422 442 480 nt
460 421 532 497 quia
545 423 572 496 11,
591 422 669 480 siout
686 423 877 481 manifestum
896 425 949 495 est,
968 425 1105 480 numerat

91 515 117 586 b,
142 530 212 589 ergo
236 512 275 570 sit
298 512 329 569 in
353 515 422 569 111
443 510 611 569 unitatibus
635 512 796 570 seeundum
818 511 1013 587 equalitatem
1032 511 1104 585 eiua,

91 621 151 677 quo
184 619 325 659 numerus
357 601 376 658 11
409 602 546 658 numerat
579 601 603 658 b.
660 599 718 658 Sed
749 619 890 658 numerus
921 602 940 658 11
973 603 1026 656 aut
1059 603 1104 657 est

90 690 206 766 primus
230 692 283 748 aut
307 688 497 764 compositus.
539 687 625 757 Quod
648 689 673 746 si
695 691 714 747 11
736 690 828 748 fuerit
847 683 1011 767 (primus),
1036 707 1104 746 eum
1131 700 1144 739 5

90 780 154 854 ipse
183 781 322 838 numerat
350 780 380 852 b,
408 776 577 835 numerabit
605 778 695 835 etiam
722 797 879 836 numerum
902 797 934 851 o,
962 777 1104 853 quoniam

89 869 154 944 ipse
192 867 328 942 sequitur
363 886 466 924 unum.
521 865 579 924 Sed
611 884 751 924 numerus
784 885 802 925 o
835 870 879 926 est
910 867 1036 942 primus,
1074 869 1104 923 et

89 975 230 1015 numerus
253 958 272 1014 11
294 958 432 1014 numerat
454 955 562 1030 ipsum,
586 955 667 1029 quod
686 955 804 1014 omnino
824 958 868 1014 est
886 954 1103 1014 inconveniens.

89 1046 240 1103 Numerus
258 1044 353 1121 igitur
370 1045 389 1102 11
406 1062 466 1101 non
485 1045 530 1101 est
543 1042 666 1118 primus
685 1062 755 1120 ergo
772 1043 834 1118 ipse
850 1047 894 1103 est
908 1043 1102 1120 compositus3

89 1135 194 1208 ipsum‘
221 1133 324 1208 itaque
356 1131 525 1191 numerabit
558 1151 699 1190 numerus
727 1132 849 1207 primus.
899 1132 973 1191 Diuo
1002 1136 1104 1190 autem
1118 1146 1144 1184 1⁰

90 1221 273 1295 impossibile
307 1239 382 1295 esse,
415 1221 495 1295 quod
526 1223 662 1278 numeret
693 1222 792 1295 ipsum
819 1239 961 1280 numerus
988 1221 1102 1296 primus

88 1312 188 1384 preter
206 1328 363 1367 numerum
381 1328 407 1384 11,
427 1308 578 1384 quoniam,
597 1327 665 1367 oum
684 1309 810 1384 quilibet
828 1328 969 1368 uumerus
988 1311 1102 1384 primus

90 1401 229 1456 numerat
247 1417 405 1456 numerum
422 1399 449 1471 11,
474 1400 503 1455 11
521 1415 661 1456 numerus
680 1399 699 1454 11
718 1397 808 1455 etiarn
827 1400 965 1455 numerat
984 1400 1009 1470 11,
1033 1417 1103 1474 ergo

89 1487 141 1544 ille
178 1505 319 1545 numerus
355 1487 469 1562 primus
505 1488 643 1544 numerat
679 1505 835 1544 numerum
868 1489 897 1560 1),
935 1505 1004 1563 ergo
1039 1486 1102 1560 ipse

90 1579 228 1634 numerat
255 1595 412 1634 numerum
435 1595 467 1649 a,
496 1576 548 1650 qui
572 1574 708 1650 sequitur
730 1595 832 1632 unum.
879 1574 937 1632 Sed
960 1593 1101 1632 numerus
1118 1585 1143 1626 15

90 1684 107 1722 u
137 1668 181 1722 est
208 1664 321 1740 primus
350 1668 379 1722 et
406 1683 548 1722 numerus
576 1666 715 1722 numerat
741 1664 853 1740 ipsum,
882 1664 962 1739 quod
990 1665 1034 1720 est
1059 1662 1103 1718 in-

87 1753 273 1812 conveniens.
310 1753 504 1829 Relinquitur
519 1751 621 1830 igitur,
640 1756 676 1811 ut
689 1773 847 1811 numerum
860 1754 878 1810 11
892 1772 952 1810 non
966 1753 1104 1808 numerat

89 1843 199 1918 aliquis
228 1863 264 1901 11
290 1842 420 1900 numeris
446 1842 549 1918 primis
573 1842 631 1900 nisi
654 1861 793 1901 numerus
817 1841 932 1917 primus
956 1859 983 1899 a.
1028 1840 1103 1898 Dioo

88 1931 195 2006 igitur,
224 1931 304 2006 quod
331 1949 472 1990 numerus
496 1936 507 1989 t
533 1951 593 1990 non
622 1934 667 1989 est
693 1931 808 2007 equalis
832 1949 864 2006 o,
892 1930 945 2006 qui
968 1929 1105 2005 sequitur

88 2039 190 2078 unum.
237 2019 323 2088 Quod
345 2020 411 2079 ideo
436 2023 493 2093 est,
517 2019 659 2095 quoniam
682 2038 823 2078 numerus
847 2024 858 2077 t
879 2039 939 2078 non
962 2021 1101 2078 numerat
1115 2033 1143 2072 20

88 2110 106 2167 b
129 2108 188 2167 nisi
211 2108 373 2167 seeundum
396 2108 598 2183 quantitatem
621 2108 695 2182 eius,
719 2109 799 2183 quod
822 2111 867 2166 est
889 2108 921 2166 in
942 2127 1065 2166 numero
1083 2109 1103 2165 11

88 2216 125 2255 11
148 2197 324 2256 unitatibus.
367 2196 424 2254 Sed
447 2215 590 2254 numerus
607 2198 626 2254 11
648 2217 708 2256 non
732 2200 776 2255 est
798 2197 914 2272 equalis
932 2216 1055 2256 numero
1075 2215 1103 2270 a,

87 2304 159 2363 ergo
187 2304 327 2343 numerus
351 2290 362 2342 1
388 2305 447 2344 non
476 2289 520 2343 est
546 2284 661 2360 equalis
684 2305 808 2345 numero
832 2305 863 2360 11,
893 2285 1047 2361 quoniam,
1077 2285 1104 2342 si

85 2375 166 2434 foret
189 2374 304 2450 equalis
328 2373 363 2448 ei,
391 2376 467 2432 esset
490 2393 630 2432 numerus
649 2375 668 2432 11
690 2393 850 2432 numerans
873 2393 1012 2433 numeros
1031 2376 1057 2447 11,
1073 2392 1102 2447 9,

88 2465 115 2522 cl.
163 2462 221 2520 Sed
243 2463 307 2538 ipse
330 2483 390 2522 non
414 2465 458 2520 est
481 2481 560 2520 unus
582 2482 774 2522 numerorum
797 2465 826 2537 11,
847 2482 880 2537 p,
904 2464 936 2537 11,
959 2462 1102 2538 quoniam
1116 2473 1143 2515 as

87 2551 150 2628 ipse
174 2555 312 2610 numerat
334 2571 491 2609 numerum
510 2553 535 2626 11,
559 2571 629 2629 ergo
652 2571 794 2610 numerus
813 2556 823 2610 1
843 2571 903 2611 non
922 2554 967 2610 est
986 2551 1101 2627 equalis

88 2661 211 2700 numero
235 2661 262 2699 11.
310 2639 367 2698 Sed
395 2659 536 2698 numerus
558 2641 577 2698 11
600 2643 738 2698 numerat
762 2642 777 2698 b
801 2640 964 2700 seeundum
988 2639 1101 2715 equali·

87 2732 182 2788 tatem
206 2729 278 2803 eius,
302 2730 383 2804 quod
406 2731 451 2787 est
472 2728 504 2810 in
527 2733 539 2787 t
561 2749 596 2786 11
618 2728 794 2804 unitatibus,
819 2749 889 2806 ergo
912 2731 931 2787 11
954 2728 1101 2804 multipli-

88 2822 172 2878 oetur
203 2819 234 2875 in
266 2837 424 2876 numerum
456 2822 478 2891 1,
514 2822 544 2875 11
576 2819 757 2894 aggregetur
788 2837 929 2876 numerus
962 2819 986 2876 b.
1043 2816 1101 2874 Sed

87 2926 230 2966 numerus
253 2927 273 2966 u
295 2906 513 2981 multiplicetur
535 2906 567 2964 in
590 2925 634 2981 se,
658 2909 688 2964 et
711 2910 891 2984 aggregetur
914 2925 1055 2964 numerus
1075 2907 1100 2979 11,
1115 2918 1142 2958 10

88 3016 158 3073 ergo
187 2996 352 3071 quadratus
376 3014 395 3053 a
419 2998 463 3053 est
486 2995 601 3070 equalis
625 2994 817 3070 superficiali,
846 2995 899 3070 qui
921 2995 956 3052 fit
979 3015 1014 3052 11
1037 2999 1048 3053 1
1070 2994 1102 3052 in

86 3086 119 3142 b:
144 3105 213 3162 ergo
237 3083 390 3160 proportio
410 3103 429 3142 a
452 3084 489 3142 ad
507 3085 526 3142 11
549 3087 594 3142 est
617 3084 695 3142 siout
712 3084 865 3160 proportio
884 3088 896 3142 t
913 3083 951 3142 ad
970 3102 997 3157 o,
1021 3083 1102 3159 quod

88 3173 155 3233 ideo
180 3177 232 3248 est,
257 3173 399 3249 quoniam
417 3191 568 3230 assumam
586 3172 661 3230 duos
679 3192 818 3232 numeros
838 3173 959 3248 equales
978 3191 1101 3229 numero

87 3281 120 3334 ας
150 3281 219 3339 ergo
247 3280 388 3320 numerus
416 3281 436 3320 a
463 3261 577 3337 primus
605 3261 825 3336 multiplicatur
847 3261 879 3319 in
901 3280 1059 3318 numerum
1082 3279 1101 3316 (1
1181 3261 1182 3264 ’

88 3353 240 3426 quartum,
265 3354 294 3408 et
312 3350 354 3424 fit,
374 3350 454 3426 quod
472 3349 618 3425 provenit,
638 3350 743 3425 equale
763 3350 799 3425 ei,
818 3349 899 3426 quod
918 3352 1102 3426 aggregatur
1115 3359 1143 3399 ³5

161 3543 202 3590 11.
222 3539 303 3590 esset.
