2408 3848
110 156 176 220 344
396 154 562 210 ANARITII
581 153 836 227 COMMENTARn

199 323 236 382 Si
254 344 337 383 vero
355 322 545 402 longitudo
565 323 780 398 superficiei
797 323 912 381 fuerit
925 321 1127 381 binomium

111 416 262 488 sextum,
294 414 374 490 quod
402 416 447 471 θεὴ
473 411 559 470 radix
586 413 628 471 20
656 415 686 470 θὴ
712 411 797 470 radix
826 413 859 485 6,
890 414 961 470 tunc
988 411 1126 470 dividam

110 503 240 561 radicem
265 505 306 561 20
329 503 361 560 in
383 502 456 560 duas
479 502 580 576 partes
603 501 656 574 ita,
678 503 713 559 ut
736 501 775 559 sit
796 500 1009 577 multiplicatio
1033 502 1127 559 unius

110 585 255 670 <earum>
282 591 314 648 in
343 591 470 649 alteram
497 588 563 648 duc.
609 589 676 647 Erit
702 590 804 664 itaque
826 607 887 647 una
910 588 1038 647 duarum
1062 608 1124 648 sec·

84 681 227 739 alionum
258 680 342 738 radix
375 680 393 737 5
428 682 458 738 et
488 678 574 736 radix
602 679 635 752 3,
667 680 697 737 θὴ
724 678 820 737 altera
846 677 932 736 radix
960 678 979 735 5
1008 677 1125 754 absque

110 768 208 827 radice
238 769 265 826 3.
312 768 426 826 Harum
453 768 558 844 igitiur
584 766 669 824 radix
697 770 742 825 est
767 769 873 843 potens
902 785 992 842 supra
1020 785 1125 842 super-

109 857 213 915 ficiem.
266 856 337 932 Ipsa
372 875 501 932 namque
537 858 642 932 potens
679 859 724 915 θεὴ
760 873 851 931 supra
882 855 940 914 duo
972 855 1126 915 medialia.

110 943 196 1014 Quod
214 946 240 1004 si
259 945 423 1021 superficiei
441 944 597 1023 longitudo
615 945 694 1003 foret
706 945 858 1004 residuum
872 947 996 1020 sextum,
1015 948 1126 1019 potens

111 1053 200 1110 supra
222 1035 319 1110 ipsam
342 1038 420 1094 esset
442 1034 623 1110 superfluum
645 1034 724 1091 inter
746 1052 804 1092 eas.

20 1120 31 1143 ⁰
71 1136 96 1176 ιο
198 1123 363 1199 Postquam
394 1124 488 1200 igitur
518 1123 596 1181 hanc
626 1123 815 1198 premisimus
847 1139 1006 1196 summam,
1044 1142 1124 1181 nunc

110 1212 316 1272 demonstrabo
345 1213 517 1287 sectionem,
545 1215 575 1270 et
602 1211 766 1270 describam
792 1229 931 1270 numeros
958 1211 991 1269 in
1017 1210 1150 1288 figuris*

111 1301 269 1360 secundum
296 1302 545 1375 numerationem,
574 1319 630 1376 que
652 1301 790 1376 provenit
813 1320 847 1359 ex
869 1300 1125 1375 multiplicatione

111 1392 141 1449 et
163 1390 315 1450 divisione.

198 1480 311 1538 Linea
337 1481 466 1554 potens
495 1497 602 1554 supra
626 1497 760 1537 omnem
783 1478 1016 1553 superficiem
1040 1497 1124 1537 ocn-

71 1580 96 1620 1⁵
109 1570 246 1628 tentam
274 1587 292 1625 a
319 1568 416 1626 linea
442 1567 620 1627 rationali
648 1570 683 1626 et
709 1566 865 1626 binomic
892 1567 1020 1642 primo,
1054 1559 1125 1648 (hec

110 1675 237 1733 namque
265 1659 310 1715 θεὴ
335 1656 431 1733 figura
458 1650 563 1733 40²)1)
597 1659 651 1714 θεὴ
681 1655 876 1714 binomium
904 1655 1125 1731 absolutum,

111 1749 141 1805 et
162 1747 261 1822 ipsum
284 1749 329 1804 θεὴ
351 1745 446 1822 figura
471 1737 568 1825 28³.²)

200 1833 290 1893 Cuius
323 1832 501 1909 exemplum,
531 1836 566 1892 ut
597 1833 637 1891 sit
668 1831 837 1908 superficies
868 1835 907 1906 bu
934 1835 1076 1892 contenta
1105 1852 1126 1892 a

110 1923 190 1980 linea
212 1921 367 1998 rationali,
390 1940 448 1995 que
473 1923 517 1979 θεὴ
540 1923 595 1996 ab,
617 1940 675 1997 que
699 1922 738 1980 sit
761 1924 781 1980 4
806 1941 840 1981 ex
862 1923 1002 1996 numeris,
1025 1925 1056 1981 et
1077 1921 1124 1980 bi-

70 2023 97 2062 20
110 2012 209 2070 nomio
232 2011 342 2085 primo,
365 2009 445 2085 quod
468 2012 513 2068 cst
537 2011 555 2067 6
580 2013 611 2068 θὴ
623 2011 717 2069 radix
741 2013 795 2071 20:
824 2011 888 2070 dico
912 2012 1017 2089 igitur,
1041 2011 1124 2086 quod

109 2100 189 2157 linea
207 2101 313 2175 potens
332 2117 422 2174 supra
440 2098 626 2174 superficiem
645 2101 684 2174 69
703 2102 747 2159 est
764 2100 929 2160 binomium
943 2100 1123 2176 absolutum,

111 2188 190 2263 quod
212 2188 254 2247 sic
276 2187 428 2263 probatur.
469 2187 610 2247 Dividam
627 2207 755 2264 namque
774 2207 816 2263 aq
833 2209 886 2264 per
906 2191 923 2247 6
944 2191 974 2248 θὴ
991 2188 1124 2248 radicem

112 2279 167 2351 20,
195 2277 355 2336 secundum
383 2277 462 2352 quod
489 2278 680 2336 assuevimus.
730 2277 775 2335 Sit
801 2277 918 2353 itaque,
946 2295 980 2336 ac
1008 2277 1033 2336 si
1061 2279 1125 2336 iam

112 2369 188 2425 esset
211 2366 306 2426 diuisa
329 2384 419 2442 supra
442 2368 469 2426 d.
515 2366 565 2424 Fit
588 2385 657 2444 ergo
681 2367 770 2425 sectio
794 2368 851 2441 ad,
879 2385 936 2442 que
960 2370 1005 2425 est
1028 2367 1124 2426 sectio

71 2467 97 2508 aa
110 2455 237 2532 longior,
262 2456 290 2530 6,
314 2458 344 2513 θὴ
366 2456 417 2530 dy,
439 2474 496 2530 que
520 2459 565 2514 est
582 2455 700 2514 brevior
718 2455 818 2530 sectio,
840 2455 925 2513 radix
945 2457 995 2514 20.
1036 2454 1123 2515 Divi·

111 2543 180 2602 dam
203 2546 303 2602 autem
325 2545 368 2617 dy
389 2543 422 2602 in
444 2543 502 2602 duc
525 2543 623 2602 media
646 2562 736 2619 supra
760 2561 787 2618 e,
815 2546 845 2602 et
868 2543 1000 2602 dividam
1023 2546 1068 2603 cd
1091 2545 1124 2602 in

111 2632 185 2690 duas
218 2632 360 2692 sectiones
390 2633 448 2708 ita,
479 2635 514 2691 ut
540 2633 580 2692 sit
606 2631 817 2708 multiplicatio
845 2633 932 2692 unius
960 2652 1064 2692 earum
1090 2634 1124 2692 in

112 2721 237 2779 alteram
256 2721 369 2796 equalis
389 2721 534 2796 quadrato
552 2721 721 2781 medietatis
740 2721 817 2780 linee
832 2723 881 2798 dp,
900 2722 932 2780 id
947 2724 991 2781 θεὴ
1006 2723 1123 2798 equalis

112 2813 216 2885 quarte
240 2809 379 2885 quadrati
397 2810 489 2869 totius
511 2810 588 2870 linee
609 2812 665 2886 qd,
689 2830 746 2887 que
770 2813 815 2869 est
839 2811 866 2869 5.
912 2811 1125 2887 Multiplioabo

71 2911 97 2952 ³0
110 2898 203 2976 igitur
231 2900 249 2957 6
278 2900 310 2957 in
332 2917 376 2974 se,
405 2902 435 2959 et
457 2902 544 2958 erunt
567 2901 621 2974 363
650 2899 794 2976 accipiam
816 2903 917 2959 autem
940 2900 1126 2976 superfluum

182 3071 206 3122 8.
227 3065 318 3140 Quod]
338 3067 484 3138 Quoniam.

183 3250 209 3317 1)
229 3246 311 3315 Apud
329 3245 475 3300 emman
493 3246 525 3316 X,
545 3252 587 3301 42.
625 3246 697 3301 Vide
715 3265 741 3316 p.
758 3252 807 3301 331
827 3250 882 3302 not.
900 3253 923 3300 1.

182 3319 208 3386 2)
232 3317 362 3370 Eucnmra
386 3315 505 3370 Caurum
531 3317 568 3385 X,
586 3322 621 3370 48
645 3318 800 3387 (Humanam
826 3317 864 3386 X,
884 3319 944 3388 54):
977 3317 1010 3372 sc·
1035 3317 1126 3384 fuerit

109 3389 264 3457 superficies
278 3389 396 3442 binomio
410 3390 501 3456 primo
516 3389 639 3458 lineaque
652 3391 785 3444 rationali
798 3397 931 3456 contenta,
950 3389 1031 3455 latua,
1050 3392 1126 3459 quod

110 3475 191 3527 saper
213 3476 271 3513 eam
289 3465 389 3527 potest,
417 3460 565 3514 Muciaicca
583 3476 636 3515 osae
653 3477 756 3516 accessa
774 3467 819 3517 eat.
830 3493 878 3522 ,-
901 3459 1005 3530 Figura
1024 3466 1058 3516 28
1079 3465 1127 3517 θεὴ

20 3586 25 3593 ,
111 3528 230 3582 Cannam
247 3529 281 3599 X,
300 3535 342 3584 30.
