2408 3848
399 123 450 178 AD
469 121 655 177 EUCLIDEM
672 122 738 177 ΜΒ.
753 123 774 176 Ι.
1050 121 1092 185 87

72 294 139 354 nisi
166 293 246 352 linea
269 295 319 355 ob.
366 291 451 362 Quod
478 291 504 351 si
530 291 671 368 possibile
699 293 756 367 est,
784 293 818 350 ut
841 289 881 350 sit
904 290 964 348 alie
988 290 1025 348 ab
1050 308 1093 365 ea,

73 404 139 444 non
171 386 273 442 tamen
299 377 431 461 <aliter>
459 385 505 441 est
536 381 688 457 possibile,
722 380 794 456 quin
822 380 911 438 eadat
937 379 986 438 vel
1013 379 1094 437 ultra

74 493 147 533 eam
170 472 219 532 vel
241 472 317 530 eitra
340 490 413 530 eam.
455 470 570 529 Ponam
592 490 662 548 ergo
685 470 824 545 primum,
847 472 883 527 ut
906 468 994 526 eadat
1012 469 1095 526 ultra

73 562 177 639 ipsam
195 561 274 620 sieut
290 561 371 620 linea
389 562 439 636 bd,
463 563 493 618 et
511 579 629 636 ponam,
652 562 688 618 ut
707 559 747 617 sit
765 559 893 634 angulus
912 559 976 630 dbp
994 560 1094 615 rectus

71 651 225 730 angulus:
244 670 314 728 ergo
329 652 393 725 buy
412 651 457 708 est
474 649 572 707 minor
589 652 680 726 recto,
699 647 779 723 quod
798 649 916 706 constat
933 645 1092 704 seeundum
1122 658 1135 696 5

692 736 900 812 probationem
917 735 1012 812 figure
1032 737 1094 810 170,

692 845 762 903 ergo
795 826 923 902 angulus
951 823 1019 883 odb
1050 827 1095 882 est

693 932 849 990 expansus.
866 914 1014 971 Remanet
1024 933 1094 991 ergo

693 1004 820 1081 angulus
866 1004 933 1061 dab
979 1003 1095 1077 aeutuS,

693 1111 763 1169 ergo
795 1091 958 1151 seeundum
987 1090 1135 1166 proba-10

692 1181 805 1239 tionem
822 1180 919 1258 figure
939 1182 994 1238 17⁰
1013 1181 1094 1239 latus

621 1298 647 1333 a
692 1272 734 1328 ab
753 1273 799 1328 est
816 1269 912 1328 maius
931 1270 1026 1327 latere
1043 1270 1094 1328 od.

74 1313 111 1364 ‘q
144 1324 537 1419 Ἴ
552 1412 571 1444 e
691 1357 858 1418 Producam
886 1377 956 1434 ergo
986 1359 1028 1416 bd
1051 1375 1094 1416 se-

704 1447 835 1505 eundum
859 1447 1074 1505 rectitudinem

77 1554 176 1612 usque
195 1535 233 1594 ad
251 1539 395 1612 punctum
410 1554 432 1605 e,
452 1537 544 1595 donee
560 1536 601 1595 sit
614 1537 656 1595 ub
675 1536 789 1612 equalis
804 1538 849 1602 be,
869 1539 900 1594 et
915 1535 1095 1612 coniungam
1110 1547 1135 1587 15

79 1644 127 1700 eq.
165 1625 233 1684 Duo
252 1619 388 1704 <igitur>
407 1625 563 1701 quadrata,
587 1645 645 1702 que
663 1625 740 1684 fiunt
759 1645 795 1684 ex
812 1625 893 1683 linea
912 1627 948 1683 te
967 1628 998 1682 et
1015 1625 1095 1682 linea

78 1716 123 1789 bq
141 1717 210 1774 sunt
224 1714 344 1790 equalis
358 1714 506 1790 quadrato
520 1715 597 1773 linee
608 1732 652 1788 ey.
686 1713 743 1773 Sed
756 1714 818 1772 iam
833 1715 956 1772 fuerunt
975 1712 1095 1789 aqualia

74 1803 230 1880 quadrato
253 1822 308 1877 up:
337 1823 406 1881 ergo
434 1803 515 1862 linea
538 1823 580 1878 ay
608 1805 653 1862 est
680 1803 794 1880 equalis
821 1802 899 1860 linee
923 1820 967 1876 ey.
1014 1802 1095 1880 Ergo

76 1891 143 1951 iam
178 1893 393 1968 protrahuntur
425 1911 444 1950 a
476 1892 591 1951 duabus
623 1892 863 1952 extremitatibus
895 1891 983 1949 unius
1016 1893 1095 1949 reete

77 1982 171 2057 linee,
200 2001 257 2058 que
285 1984 330 2040 est
356 1981 437 2040 linea
460 1983 513 2056 by,
542 1981 599 2040 due
622 1982 712 2057 lineo,
741 1999 868 2057 quarum
892 1981 1095 2040 extremitates
1109 1994 1135 2032 20

74 2089 173 2146 supra
198 2073 343 2146 punctum
366 2090 460 2128 unum
484 2074 675 2146 contemnant,
704 2091 762 2146 que
786 2074 857 2130 sunt
878 2069 957 2136 linee
980 2071 1026 2147 be,
1050 2087 1094 2143 ep,

78 2157 136 2235 <et
157 2179 215 2235 que
238 2163 310 2218 sunt
332 2161 453 2235 equales
477 2159 591 2219 duabus
614 2159 700 2218 lineis
720 2162 770 2236 bu,
790 2155 859 2234 ap),
882 2159 973 2235 quod,
991 2177 1094 2218 seeun-

74 2249 154 2306 dum
171 2248 378 2323 probationem
395 2248 491 2326 figure
510 2249 634 2324 septime
654 2249 838 2308 eontrarium
856 2251 886 2307 et
904 2247 1095 2323 impossibile.

77 2337 124 2395 Et
146 2336 283 2395 similiter
305 2337 425 2396 ducitur
448 2339 486 2397 ad
508 2337 700 2414 impossibile,
724 2338 751 2396 si
772 2337 864 2396 fuerit
886 2336 966 2395 linea
988 2337 1095 2396 cadens

76 2425 158 2484 eitra
179 2425 289 2485 lineam
308 2429 362 2486 ab:
386 2446 456 2504 ergo
479 2428 560 2485 linea
578 2429 620 2486 ob
644 2430 689 2486 est
712 2446 755 2502 ea,
779 2445 838 2502 que
860 2425 1095 2502 orthogonaliter
1109 2437 1135 2477 25

74 2513 257 2592 adiungitur
270 2515 347 2574 linee
359 2518 411 2592 1293
426 2520 456 2575 et
468 2516 544 2574 illud
559 2519 612 2592 est,
626 2516 707 2592 quod
722 2516 924 2574 demonstrare
937 2514 1095 2574 voluimus

155 2707 266 2757 17-18.
287 2702 342 2757 Sed
441 2721 481 2774 op
498 2706 530 2758 iu
549 2704 665 2773 Msepto.
685 2704 823 2773 repetitur
