<?xml version="1.0" encoding="UTF-8"?>
<!DOCTYPE html PUBLIC "-//W3C//DTD XHTML 1.0 Transitional//EN"
    "http://www.w3.org/TR/xhtml1/DTD/xhtml1-transitional.dtd">
<html xmlns="http://www.w3.org/1999/xhtml" xml:lang="en" lang="en">
 <head>
  <title>
</title>
<meta http-equiv="Content-Type" content="text/html;charset=utf-8" />
  <meta name='ocr-system' content='tesseract 3.04.00' />
  <meta name='ocr-capabilities' content='ocr_page ocr_carea ocr_par ocr_line ocrx_word'/>
</head>
<body>
  <div class='ocr_page' id='page_1' title='image "./euclidisoperaom18unkngoog/euclidisoperaom18unkngoog_0359.png"; bbox 0 0 2408 3848; ppageno 0'>
   <div class='ocr_carea' id='block_1_1' title="bbox 110 179 839 250">
    <p class='ocr_par' dir='ltr' id='par_1_1' title="bbox 110 179 839 250">
     <span class='ocr_line' id='line_1_1' title="bbox 110 179 839 250; baseline -0.003 -11"><span class='ocrx_word' id='word_1_1' title='bbox 110 186 176 250; x_wconf 80' lang='grc'>322</span> <span class='ocrx_word' id='word_1_2' title='bbox 398 183 564 239; x_wconf 77' lang='lat' dir='ltr'>ANABITII</span> <span class='ocrx_word' id='word_1_3' title='bbox 582 179 839 238; x_wconf 72' lang='lat' dir='ltr'>commun</span> 
     </span>
    </p>
   </div>
   <div class='ocr_carea' id='block_1_2' title="bbox 72 351 1137 3098">
    <p class='ocr_par' dir='ltr' id='par_1_2' title="bbox 111 351 1137 609">
     <span class='ocr_line' id='line_1_2' title="bbox 111 351 1137 431; baseline 0 -18"><span class='ocrx_word' id='word_1_4' title='bbox 111 374 147 414; x_wconf 84' lang='lat' dir='ltr'>ex</span> <span class='ocrx_word' id='word_1_5' title='bbox 175 353 319 413; x_wconf 86' lang='lat' dir='ltr'>divisione</span> <span class='ocrx_word' id='word_1_6' title='bbox 346 353 500 429; x_wconf 87' lang='lat' dir='ltr'>provenit,</span> <span class='ocrx_word' id='word_1_7' title='bbox 526 351 671 428; x_wconf 75' lang='lat' dir='ltr'><strong>accipiam</strong></span> <span class='ocrx_word' id='word_1_8' title='bbox 697 353 840 411; x_wconf 85' lang='lat' dir='ltr'>radicem:</span> <span class='ocrx_word' id='word_1_9' title='bbox 867 352 937 428; x_wconf 77' lang='lat' dir='ltr'>ipsa</span> <span class='ocrx_word' id='word_1_10' title='bbox 965 353 1068 431; x_wconf 83' lang='lat' dir='ltr'>igitur</span> <span class='ocrx_word' id='word_1_11' title='bbox 1090 357 1137 413; x_wconf 84' lang='lat' dir='ltr'>cst</span> 
     </span>
     <span class='ocr_line' id='line_1_3' title="bbox 111 441 1137 517; baseline 0.003 -16"><span class='ocrx_word' id='word_1_12' title='bbox 111 460 173 502; x_wconf 89' lang='lat' dir='ltr'>nna</span> <span class='ocrx_word' id='word_1_13' title='bbox 204 443 331 501; x_wconf 89' lang='lat' dir='ltr'>duarum</span> <span class='ocrx_word' id='word_1_14' title='bbox 361 443 521 517; x_wconf 88' lang='lat' dir='ltr'>linearum,</span> <span class='ocrx_word' id='word_1_15' title='bbox 554 444 584 500; x_wconf 90' lang='lat' dir='ltr'>et</span> <span class='ocrx_word' id='word_1_16' title='bbox 613 442 710 500; x_wconf 89' lang='lat' dir='ltr'>altera</span> <span class='ocrx_word' id='word_1_17' title='bbox 735 441 816 500; x_wconf 88' lang='lat' dir='ltr'>linea</span> <span class='ocrx_word' id='word_1_18' title='bbox 841 441 941 517; x_wconf 83' lang='lat' dir='ltr'>prima</span> <span class='ocrx_word' id='word_1_19' title='bbox 970 443 1137 504; x_wconf 85' lang='lat' dir='ltr'>rationalis</span> 
     </span>
     <span class='ocr_line' id='line_1_4' title="bbox 112 532 239 609; baseline -0.016 -18"><span class='ocrx_word' id='word_1_20' title='bbox 112 532 239 609; x_wconf 83' lang='lat' dir='ltr'>signata.</span> 
     </span>
    </p>

    <p class='ocr_par' dir='ltr' id='par_1_3' title="bbox 84 618 1135 1055">
     <span class='ocr_line' id='line_1_5' title="bbox 200 618 1134 698; baseline 0.002 -20"><span class='ocrx_word' id='word_1_21' title='bbox 200 620 285 678; x_wconf 85' lang='lat' dir='ltr'>Volo</span> <span class='ocrx_word' id='word_1_22' title='bbox 312 619 476 678; x_wconf 84' lang='lat' dir='ltr'>invenire</span> <span class='ocrx_word' id='word_1_23' title='bbox 499 620 586 678; x_wconf 90' lang='lat' dir='ltr'>duas</span> <span class='ocrx_word' id='word_1_24' title='bbox 608 620 727 678; x_wconf 90' lang='lat' dir='ltr'>lineas</span> <span class='ocrx_word' id='word_1_25' title='bbox 750 618 925 678; x_wconf 87' lang='lat' dir='ltr'>mediales</span> <span class='ocrx_word' id='word_1_26' title='bbox 948 621 986 677; x_wconf 87' lang='lat' dir='ltr'>et</span> <span class='ocrx_word' id='word_1_27' title='bbox 1010 621 1049 679; x_wconf 91' lang='lat' dir='ltr'>in</span> <span class='ocrx_word' id='word_1_28' title='bbox 1072 639 1134 698; x_wconf 92' lang='lat' dir='ltr'>po·</span> 
     </span>
     <span class='ocr_line' id='line_1_6' title="bbox 84 707 1133 770; baseline 0.008 -8"><span class='ocrx_word' id='word_1_29' title='bbox 84 708 229 767; x_wconf 77' lang='lat' dir='ltr'>stantia</span> <span class='ocrx_word' id='word_1_30' title='bbox 256 711 395 767; x_wconf 87' lang='lat' dir='ltr'>tantum</span> <span class='ocrx_word' id='word_1_31' title='bbox 423 708 730 768; x_wconf 86' lang='lat' dir='ltr'>communicantes</span> <span class='ocrx_word' id='word_1_32' title='bbox 758 711 793 767; x_wconf 92' lang='lat' dir='ltr'>et</span> <span class='ocrx_word' id='word_1_33' title='bbox 815 707 1054 770; x_wconf 72' lang='lat' dir='ltr'>continentes</span> <span class='ocrx_word' id='word_1_34' title='bbox 1077 728 1133 769; x_wconf 83' lang='lat' dir='ltr'>re·</span> 
     </span>
     <span class='ocr_line' id='line_1_7' title="bbox 111 795 1135 875; baseline 0.002 -19"><span class='ocrx_word' id='word_1_35' title='bbox 111 798 299 871; x_wconf 82' lang='lat' dir='ltr'>tionalem,</span> <span class='ocrx_word' id='word_1_36' title='bbox 323 814 471 872; x_wconf 90' lang='lat' dir='ltr'>quarum</span> <span class='ocrx_word' id='word_1_37' title='bbox 493 797 637 874; x_wconf 81' lang='lat' dir='ltr'>longior</span> <span class='ocrx_word' id='word_1_38' title='bbox 660 815 768 873; x_wconf 87' lang='lat' dir='ltr'>supra</span> <span class='ocrx_word' id='word_1_39' title='bbox 785 795 993 856; x_wconf 80' lang='lat' dir='ltr'>breviorem</span> <span class='ocrx_word' id='word_1_40' title='bbox 1012 799 1135 875; x_wconf 86' lang='lat' dir='ltr'>possit</span> 
     </span>
     <span class='ocr_line' id='line_1_8' title="bbox 112 886 1133 964; baseline 0.002 -19"><span class='ocrx_word' id='word_1_41' title='bbox 112 905 189 945; x_wconf 88' lang='lat' dir='ltr'>oum</span> <span class='ocrx_word' id='word_1_42' title='bbox 230 889 420 963; x_wconf 87' lang='lat' dir='ltr'>augmento</span> <span class='ocrx_word' id='word_1_43' title='bbox 457 886 626 962; x_wconf 89' lang='lat' dir='ltr'>quadrati</span> <span class='ocrx_word' id='word_1_44' title='bbox 661 886 771 962; x_wconf 89' lang='lat' dir='ltr'>linee,</span> <span class='ocrx_word' id='word_1_45' title='bbox 811 886 868 945; x_wconf 89' lang='lat' dir='ltr'>oui</span> <span class='ocrx_word' id='word_1_46' title='bbox 904 886 1059 964; x_wconf 81' lang='lat' dir='ltr'>long-ior</span> <span class='ocrx_word' id='word_1_47' title='bbox 1097 888 1133 946; x_wconf 92' lang='lat' dir='ltr'>in</span> 
     </span>
     <span class='ocr_line' id='line_1_9' title="bbox 112 967 645 1055; baseline 0 -23"><span class='ocrx_word' id='word_1_48' title='bbox 112 974 344 1052; x_wconf 89' lang='lat' dir='ltr'>longitndine</span> <span class='ocrx_word' id='word_1_49' title='bbox 367 967 645 1055; x_wconf 86' lang='lat' dir='ltr'>communicat.¹)</span> 
     </span>
    </p>

    <p class='ocr_par' dir='ltr' id='par_1_4' title="bbox 199 1063 1133 1141">
     <span class='ocr_line' id='line_1_10' title="bbox 199 1063 1133 1141; baseline 0.002 -19"><span class='ocrx_word' id='word_1_50' title='bbox 199 1064 284 1122; x_wconf 88' lang='lat' dir='ltr'>Duas</span> <span class='ocrx_word' id='word_1_51' title='bbox 310 1063 404 1141; x_wconf 87' lang='lat' dir='ltr'>igitur</span> <span class='ocrx_word' id='word_1_52' title='bbox 425 1064 519 1122; x_wconf 89' lang='lat' dir='ltr'>lineas</span> <span class='ocrx_word' id='word_1_53' title='bbox 543 1063 666 1141; x_wconf 80' lang='lat' dir='ltr'>signabo</span> <span class='ocrx_word' id='word_1_54' title='bbox 688 1063 722 1121; x_wconf 88' lang='lat' dir='ltr'>in</span> <span class='ocrx_word' id='word_1_55' title='bbox 743 1063 881 1139; x_wconf 86' lang='lat' dir='ltr'>potentia</span> <span class='ocrx_word' id='word_1_56' title='bbox 901 1065 1029 1123; x_wconf 88' lang='lat' dir='ltr'>tanturn</span> <span class='ocrx_word' id='word_1_57' title='bbox 1053 1083 1133 1126; x_wconf 90' lang='lat' dir='ltr'>com·</span> 
     </span>
    </p>

    <p class='ocr_par' dir='ltr' id='par_1_5' title="bbox 72 1151 1133 1586">
     <span class='ocr_line' id='line_1_11' title="bbox 72 1151 1130 1230; baseline 0.008 -23"><span class='ocrx_word' id='word_1_58' title='bbox 72 1169 99 1208; x_wconf 78' lang='grc' dir='ltr'>ιο</span> <span class='ocrx_word' id='word_1_59' title='bbox 111 1152 306 1227; x_wconf 72' lang='lat' dir='ltr'>manicantes,</span> <span class='ocrx_word' id='word_1_60' title='bbox 330 1155 360 1212; x_wconf 91' lang='lat' dir='ltr'>et</span> <span class='ocrx_word' id='word_1_61' title='bbox 382 1171 532 1212; x_wconf 86' lang='lat' dir='ltr'>assumam</span> <span class='ocrx_word' id='word_1_62' title='bbox 554 1151 632 1211; x_wconf 85' lang='lat' dir='ltr'>inter</span> <span class='ocrx_word' id='word_1_63' title='bbox 654 1151 729 1210; x_wconf 90' lang='lat' dir='ltr'>duas</span> <span class='ocrx_word' id='word_1_64' title='bbox 752 1151 846 1211; x_wconf 85' lang='lat' dir='ltr'>lineas</span> <span class='ocrx_word' id='word_1_65' title='bbox 863 1151 978 1219; x_wconf 87' lang='lat' dir='ltr'>lineam</span> <span class='ocrx_word' id='word_1_66' title='bbox 999 1153 1045 1214; x_wconf 86' lang='lat' dir='ltr'>sis</span> <span class='ocrx_word' id='word_1_67' title='bbox 1063 1171 1130 1230; x_wconf 74' lang='lat' dir='ltr'>pro</span> 
     </span>
     <span class='ocr_line' id='line_1_12' title="bbox 111 1241 1132 1320; baseline 0.003 -19"><span class='ocrx_word' id='word_1_68' title='bbox 111 1241 323 1317; x_wconf 77' lang='lat' dir='ltr'>portionalem,</span> <span class='ocrx_word' id='word_1_69' title='bbox 359 1260 430 1320; x_wconf 82' lang='lat' dir='ltr'>ergo</span> <span class='ocrx_word' id='word_1_70' title='bbox 467 1244 536 1300; x_wconf 88' lang='lat' dir='ltr'>sunt</span> <span class='ocrx_word' id='word_1_71' title='bbox 567 1243 628 1299; x_wconf 89' lang='lat' dir='ltr'>tres</span> <span class='ocrx_word' id='word_1_72' title='bbox 659 1241 751 1315; x_wconf 84' lang='lat' dir='ltr'>linee;</span> <span class='ocrx_word' id='word_1_73' title='bbox 787 1243 817 1300; x_wconf 89' lang='lat' dir='ltr'>et</span> <span class='ocrx_word' id='word_1_74' title='bbox 848 1257 1004 1300; x_wconf 87' lang='lat' dir='ltr'>assumam</span> <span class='ocrx_word' id='word_1_75' title='bbox 1039 1244 1132 1303; x_wconf 85' lang='lat' dir='ltr'>etiam</span> 
     </span>
     <span class='ocr_line' id='line_1_13' title="bbox 111 1329 1133 1408; baseline 0.004 -20"><span class='ocrx_word' id='word_1_76' title='bbox 111 1329 222 1389; x_wconf 92' lang='lat' dir='ltr'>lineam</span> <span class='ocrx_word' id='word_1_77' title='bbox 246 1333 385 1406; x_wconf 85' lang='lat' dir='ltr'>quartam</span> <span class='ocrx_word' id='word_1_78' title='bbox 406 1329 660 1406; x_wconf 77' lang='lat' dir='ltr'>proportionalem</span> <span class='ocrx_word' id='word_1_79' title='bbox 683 1329 808 1389; x_wconf 87' lang='lat' dir='ltr'>secunde</span> <span class='ocrx_word' id='word_1_80' title='bbox 831 1331 861 1388; x_wconf 89' lang='lat' dir='ltr'>et</span> <span class='ocrx_word' id='word_1_81' title='bbox 882 1330 991 1406; x_wconf 87' lang='lat' dir='ltr'>tercie,</span> <span class='ocrx_word' id='word_1_82' title='bbox 1021 1331 1055 1390; x_wconf 92' lang='lat' dir='ltr'>id</span> <span class='ocrx_word' id='word_1_83' title='bbox 1079 1335 1133 1408; x_wconf 83' lang='lat' dir='ltr'>est,</span> 
     </span>
     <span class='ocr_line' id='line_1_14' title="bbox 112 1418 1132 1495; baseline 0.003 -17"><span class='ocrx_word' id='word_1_84' title='bbox 112 1419 240 1479; x_wconf 88' lang='lat' dir='ltr'>secunda</span> <span class='ocrx_word' id='word_1_85' title='bbox 267 1423 297 1478; x_wconf 88' lang='lat' dir='ltr'>et</span> <span class='ocrx_word' id='word_1_86' title='bbox 319 1420 412 1478; x_wconf 88' lang='lat' dir='ltr'>tercia</span> <span class='ocrx_word' id='word_1_87' title='bbox 436 1423 466 1478; x_wconf 90' lang='lat' dir='ltr'>et</span> <span class='ocrx_word' id='word_1_88' title='bbox 489 1422 596 1495; x_wconf 88' lang='lat' dir='ltr'>quarta</span> <span class='ocrx_word' id='word_1_89' title='bbox 619 1421 690 1478; x_wconf 90' lang='lat' dir='ltr'>sunt</span> <span class='ocrx_word' id='word_1_90' title='bbox 711 1418 965 1495; x_wconf 76' lang='lat' dir='ltr'>proportionales:</span> <span class='ocrx_word' id='word_1_91' title='bbox 997 1422 1132 1481; x_wconf 79' lang='lat' dir='ltr'>secunda</span> 
     </span>
     <span class='ocr_line' id='line_1_15' title="bbox 111 1507 824 1586; baseline 0 -20"><span class='ocrx_word' id='word_1_92' title='bbox 111 1508 205 1586; x_wconf 88' lang='lat' dir='ltr'>igitur</span> <span class='ocrx_word' id='word_1_93' title='bbox 228 1511 257 1567; x_wconf 90' lang='lat' dir='ltr'>et</span> <span class='ocrx_word' id='word_1_94' title='bbox 279 1512 389 1584; x_wconf 80' lang='lat' dir='ltr'>quarta</span> <span class='ocrx_word' id='word_1_95' title='bbox 411 1510 494 1583; x_wconf 88' lang='lat' dir='ltr'>sunt,</span> <span class='ocrx_word' id='word_1_96' title='bbox 517 1507 597 1584; x_wconf 92' lang='lat' dir='ltr'>quod</span> <span class='ocrx_word' id='word_1_97' title='bbox 620 1507 824 1584; x_wconf 87' lang='lat' dir='ltr'>querebamus.</span> 
     </span>
    </p>

    <p class='ocr_par' dir='ltr' id='par_1_6' title="bbox 72 1593 1134 2033">
     <span class='ocr_line' id='line_1_16' title="bbox 72 1593 1131 1675; baseline 0.007 -24"><span class='ocrx_word' id='word_1_98' title='bbox 72 1612 98 1652; x_wconf 80' lang='lat'>15</span> <span class='ocrx_word' id='word_1_99' title='bbox 200 1597 285 1657; x_wconf 90' lang='lat' dir='ltr'>Volo</span> <span class='ocrx_word' id='word_1_100' title='bbox 322 1598 484 1656; x_wconf 84' lang='lat' dir='ltr'>invenire</span> <span class='ocrx_word' id='word_1_101' title='bbox 521 1597 608 1654; x_wconf 87' lang='lat' dir='ltr'>duas</span> <span class='ocrx_word' id='word_1_102' title='bbox 640 1597 757 1656; x_wconf 87' lang='lat' dir='ltr'>lineas</span> <span class='ocrx_word' id='word_1_103' title='bbox 788 1593 962 1654; x_wconf 88' lang='lat' dir='ltr'>mediales</span> <span class='ocrx_word' id='word_1_104' title='bbox 995 1599 1036 1656; x_wconf 88' lang='lat' dir='ltr'>in</span> <span class='ocrx_word' id='word_1_105' title='bbox 1069 1618 1131 1675; x_wconf 91' lang='lat' dir='ltr'>po·</span> 
     </span>
     <span class='ocr_line' id='line_1_17' title="bbox 111 1685 1130 1747; baseline 0.002 -2"><span class='ocrx_word' id='word_1_106' title='bbox 111 1687 230 1746; x_wconf 84' lang='lat' dir='ltr'>tentia</span> <span class='ocrx_word' id='word_1_107' title='bbox 251 1689 392 1744; x_wconf 90' lang='lat' dir='ltr'>tantum</span> <span class='ocrx_word' id='word_1_108' title='bbox 415 1685 717 1745; x_wconf 86' lang='lat' dir='ltr'>communicantes</span> <span class='ocrx_word' id='word_1_109' title='bbox 741 1688 776 1743; x_wconf 86' lang='lat' dir='ltr'>et</span> <span class='ocrx_word' id='word_1_110' title='bbox 798 1685 1036 1747; x_wconf 79' lang='lat' dir='ltr'>continentes</span> <span class='ocrx_word' id='word_1_111' title='bbox 1061 1702 1130 1746; x_wconf 89' lang='lat' dir='ltr'>me·</span> 
     </span>
     <span class='ocr_line' id='line_1_18' title="bbox 113 1773 1134 1851; baseline 0.002 -17"><span class='ocrx_word' id='word_1_112' title='bbox 113 1775 257 1848; x_wconf 88' lang='lat' dir='ltr'>dialem,</span> <span class='ocrx_word' id='word_1_113' title='bbox 289 1794 437 1849; x_wconf 89' lang='lat' dir='ltr'>quarum</span> <span class='ocrx_word' id='word_1_114' title='bbox 468 1773 615 1850; x_wconf 84' lang='lat' dir='ltr'>longior</span> <span class='ocrx_word' id='word_1_115' title='bbox 644 1794 751 1850; x_wconf 90' lang='lat' dir='ltr'>supra</span> <span class='ocrx_word' id='word_1_116' title='bbox 777 1774 979 1834; x_wconf 74' lang='lat' dir='ltr'>breviorem</span> <span class='ocrx_word' id='word_1_117' title='bbox 1008 1777 1134 1851; x_wconf 81' lang='lat' dir='ltr'>possit</span> 
     </span>
     <span class='ocr_line' id='line_1_19' title="bbox 112 1862 1129 1940; baseline 0.002 -18"><span class='ocrx_word' id='word_1_118' title='bbox 112 1883 188 1922; x_wconf 92' lang='lat' dir='ltr'>oum</span> <span class='ocrx_word' id='word_1_119' title='bbox 228 1865 417 1938; x_wconf 88' lang='lat' dir='ltr'>augmento</span> <span class='ocrx_word' id='word_1_120' title='bbox 458 1862 627 1937; x_wconf 89' lang='lat' dir='ltr'>quadrati</span> <span class='ocrx_word' id='word_1_121' title='bbox 662 1863 770 1938; x_wconf 87' lang='lat' dir='ltr'>lines,</span> <span class='ocrx_word' id='word_1_122' title='bbox 811 1863 867 1922; x_wconf 90' lang='lat' dir='ltr'>oui</span> <span class='ocrx_word' id='word_1_123' title='bbox 902 1863 1057 1940; x_wconf 81' lang='lat' dir='ltr'>longior</span> <span class='ocrx_word' id='word_1_124' title='bbox 1092 1866 1129 1924; x_wconf 89' lang='lat' dir='ltr'>in</span> 
     </span>
     <span class='ocr_line' id='line_1_20' title="bbox 112 1945 686 2033; baseline 0.002 -24"><span class='ocrx_word' id='word_1_125' title='bbox 112 1950 344 2028; x_wconf 90' lang='lat' dir='ltr'>longitudine</span> <span class='ocrx_word' id='word_1_126' title='bbox 366 1945 686 2033; x_wconf 77' lang='lat' dir='ltr'>incommunicat.²)</span> 
     </span>
    </p>

    <p class='ocr_par' dir='ltr' id='par_1_7' title="bbox 72 2038 1135 2473">
     <span class='ocr_line' id='line_1_21' title="bbox 72 2038 1134 2119; baseline 0.008 -25"><span class='ocrx_word' id='word_1_127' title='bbox 72 2055 99 2094; x_wconf 78' lang='lat' dir='ltr'>ao</span> <span class='ocrx_word' id='word_1_128' title='bbox 202 2038 333 2116; x_wconf 84' lang='lat' dir='ltr'>Signabo</span> <span class='ocrx_word' id='word_1_129' title='bbox 355 2039 450 2117; x_wconf 88' lang='lat' dir='ltr'>igitur</span> <span class='ocrx_word' id='word_1_130' title='bbox 470 2042 532 2098; x_wconf 89' lang='lat' dir='ltr'>tres</span> <span class='ocrx_word' id='word_1_131' title='bbox 554 2040 648 2100; x_wconf 84' lang='lat' dir='ltr'>lineas</span> <span class='ocrx_word' id='word_1_132' title='bbox 671 2040 832 2100; x_wconf 87' lang='lat' dir='ltr'>rationales</span> <span class='ocrx_word' id='word_1_133' title='bbox 854 2040 886 2098; x_wconf 92' lang='lat' dir='ltr'>in</span> <span class='ocrx_word' id='word_1_134' title='bbox 908 2041 1053 2116; x_wconf 87' lang='lat' dir='ltr'>potentia</span> <span class='ocrx_word' id='word_1_135' title='bbox 1073 2042 1134 2119; x_wconf 83' lang='lat' dir='ltr'>pri·</span> 
     </span>
     <span class='ocr_line' id='line_1_22' title="bbox 112 2128 1133 2205; baseline 0.005 -19"><span class='ocrx_word' id='word_1_136' title='bbox 112 2147 192 2186; x_wconf 91' lang='lat' dir='ltr'>mam</span> <span class='ocrx_word' id='word_1_137' title='bbox 216 2131 246 2186; x_wconf 92' lang='lat' dir='ltr'>et</span> <span class='ocrx_word' id='word_1_138' title='bbox 268 2128 435 2205; x_wconf 87' lang='lat' dir='ltr'>secundam,</span> <span class='ocrx_word' id='word_1_139' title='bbox 459 2131 489 2187; x_wconf 90' lang='lat' dir='ltr'>et</span> <span class='ocrx_word' id='word_1_140' title='bbox 508 2147 657 2188; x_wconf 88' lang='lat' dir='ltr'>assumam</span> <span class='ocrx_word' id='word_1_141' title='bbox 675 2130 755 2189; x_wconf 89' lang='lat' dir='ltr'>inter</span> <span class='ocrx_word' id='word_1_142' title='bbox 771 2129 899 2205; x_wconf 79' lang='lat' dir='ltr'>primam</span> <span class='ocrx_word' id='word_1_143' title='bbox 918 2131 948 2186; x_wconf 88' lang='lat' dir='ltr'>et</span> <span class='ocrx_word' id='word_1_144' title='bbox 968 2133 1133 2191; x_wconf 86' lang='lat' dir='ltr'>secundam</span> 
     </span>
     <span class='ocr_line' id='line_1_23' title="bbox 112 2217 1135 2296; baseline 0.004 -21"><span class='ocrx_word' id='word_1_145' title='bbox 112 2218 222 2276; x_wconf 86' lang='lat' dir='ltr'>lineam</span> <span class='ocrx_word' id='word_1_146' title='bbox 249 2217 411 2276; x_wconf 84' lang='lat' dir='ltr'>seeundum</span> <span class='ocrx_word' id='word_1_147' title='bbox 437 2218 662 2294; x_wconf 85' lang='lat' dir='ltr'>proportionem</span> <span class='ocrx_word' id='word_1_148' title='bbox 689 2238 803 2278; x_wconf 89' lang='lat' dir='ltr'>earum:</span> <span class='ocrx_word' id='word_1_149' title='bbox 832 2220 902 2277; x_wconf 89' lang='lat' dir='ltr'>sunt</span> <span class='ocrx_word' id='word_1_150' title='bbox 929 2237 1002 2296; x_wconf 86' lang='lat' dir='ltr'>ergo</span> <span class='ocrx_word' id='word_1_151' title='bbox 1031 2221 1135 2296; x_wconf 85' lang='lat' dir='ltr'>prima</span> 
     </span>
     <span class='ocr_line' id='line_1_24' title="bbox 113 2306 1135 2383; baseline 0.004 -19"><span class='ocrx_word' id='word_1_152' title='bbox 113 2308 144 2364; x_wconf 89' lang='lat' dir='ltr'>et</span> <span class='ocrx_word' id='word_1_153' title='bbox 175 2306 317 2381; x_wconf 84' lang='lat' dir='ltr'>secunda,</span> <span class='ocrx_word' id='word_1_154' title='bbox 349 2326 407 2383; x_wconf 89' lang='lat' dir='ltr'>que</span> <span class='ocrx_word' id='word_1_155' title='bbox 435 2311 480 2366; x_wconf 91' lang='lat' dir='ltr'>est</span> <span class='ocrx_word' id='word_1_156' title='bbox 507 2310 673 2383; x_wconf 86' lang='lat' dir='ltr'>assumpta,</span> <span class='ocrx_word' id='word_1_157' title='bbox 705 2311 736 2366; x_wconf 89' lang='lat' dir='ltr'>et</span> <span class='ocrx_word' id='word_1_158' title='bbox 760 2307 855 2366; x_wconf 86' lang='lat' dir='ltr'>tercia</span> <span class='ocrx_word' id='word_1_159' title='bbox 881 2310 912 2365; x_wconf 88' lang='lat' dir='ltr'>et</span> <span class='ocrx_word' id='word_1_160' title='bbox 938 2309 1069 2383; x_wconf 82' lang='lat' dir='ltr'>quarta;</span> <span class='ocrx_word' id='word_1_161' title='bbox 1103 2313 1135 2368; x_wconf 92' lang='lat' dir='ltr'>et</span> 
     </span>
     <span class='ocr_line' id='line_1_25' title="bbox 112 2395 1133 2473; baseline 0.005 -19"><span class='ocrx_word' id='word_1_162' title='bbox 112 2412 230 2471; x_wconf 88' lang='lat' dir='ltr'>ponam,</span> <span class='ocrx_word' id='word_1_163' title='bbox 252 2400 287 2454; x_wconf 91' lang='lat' dir='ltr'>ut</span> <span class='ocrx_word' id='word_1_164' title='bbox 310 2395 349 2454; x_wconf 88' lang='lat' dir='ltr'>sit</span> <span class='ocrx_word' id='word_1_165' title='bbox 371 2395 525 2471; x_wconf 83' lang='lat' dir='ltr'>proportio</span> <span class='ocrx_word' id='word_1_166' title='bbox 543 2396 637 2471; x_wconf 90' lang='lat' dir='ltr'>prime</span> <span class='ocrx_word' id='word_1_167' title='bbox 661 2397 699 2454; x_wconf 87' lang='lat' dir='ltr'>ad</span> <span class='ocrx_word' id='word_1_168' title='bbox 719 2399 856 2472; x_wconf 84' lang='lat' dir='ltr'>quartam</span> <span class='ocrx_word' id='word_1_169' title='bbox 876 2395 952 2454; x_wconf 84' lang='lat' dir='ltr'>sicot</span> <span class='ocrx_word' id='word_1_170' title='bbox 969 2398 1133 2473; x_wconf 80' lang='lat' dir='ltr'>proportio</span> 
     </span>
    </p>

    <p class='ocr_par' dir='ltr' id='par_1_8' title="bbox 72 2483 1134 2651">
     <span class='ocr_line' id='line_1_26' title="bbox 72 2483 1134 2562; baseline 0.008 -24"><span class='ocrx_word' id='word_1_171' title='bbox 72 2497 99 2538; x_wconf 79' lang='lat' dir='ltr'>ao</span> <span class='ocrx_word' id='word_1_172' title='bbox 112 2483 189 2542; x_wconf 88' lang='lat' dir='ltr'>lineo</span> <span class='ocrx_word' id='word_1_173' title='bbox 213 2485 337 2543; x_wconf 87' lang='lat' dir='ltr'>secunde</span> <span class='ocrx_word' id='word_1_174' title='bbox 360 2488 511 2561; x_wconf 89' lang='lat' dir='ltr'>assumpte</span> <span class='ocrx_word' id='word_1_175' title='bbox 529 2485 568 2543; x_wconf 90' lang='lat' dir='ltr'>ad</span> <span class='ocrx_word' id='word_1_176' title='bbox 585 2485 695 2544; x_wconf 91' lang='lat' dir='ltr'>lineam</span> <span class='ocrx_word' id='word_1_177' title='bbox 714 2486 852 2545; x_wconf 90' lang='lat' dir='ltr'>alteram:</span> <span class='ocrx_word' id='word_1_178' title='bbox 876 2484 933 2542; x_wconf 84' lang='lat' dir='ltr'>erit</span> <span class='ocrx_word' id='word_1_179' title='bbox 951 2502 1024 2562; x_wconf 84' lang='lat' dir='ltr'>ergo</span> <span class='ocrx_word' id='word_1_180' title='bbox 1048 2487 1134 2547; x_wconf 81' lang='lat' dir='ltr'>linea</span> 
     </span>
     <span class='ocr_line' id='line_1_27' title="bbox 114 2572 700 2651; baseline 0 -21"><span class='ocrx_word' id='word_1_181' title='bbox 114 2572 175 2630; x_wconf 89' lang='lat' dir='ltr'>alia</span> <span class='ocrx_word' id='word_1_182' title='bbox 198 2576 360 2648; x_wconf 88' lang='lat' dir='ltr'>assumpta,</span> <span class='ocrx_word' id='word_1_183' title='bbox 384 2592 474 2649; x_wconf 88' lang='lat' dir='ltr'>quam</span> <span class='ocrx_word' id='word_1_184' title='bbox 498 2574 700 2651; x_wconf 87' lang='lat' dir='ltr'>querebamus.</span> 
     </span>
    </p>

    <p class='ocr_par' dir='ltr' id='par_1_9' title="bbox 112 2659 1136 2915">
     <span class='ocr_line' id='line_1_28' title="bbox 201 2659 1132 2742; baseline 0.005 -23"><span class='ocrx_word' id='word_1_185' title='bbox 201 2662 286 2720; x_wconf 93' lang='lat' dir='ltr'>Volo</span> <span class='ocrx_word' id='word_1_186' title='bbox 317 2661 479 2721; x_wconf 82' lang='lat' dir='ltr'>invenire</span> <span class='ocrx_word' id='word_1_187' title='bbox 507 2662 593 2720; x_wconf 89' lang='lat' dir='ltr'>duas</span> <span class='ocrx_word' id='word_1_188' title='bbox 620 2663 736 2721; x_wconf 88' lang='lat' dir='ltr'>lineas</span> <span class='ocrx_word' id='word_1_189' title='bbox 763 2662 800 2721; x_wconf 91' lang='lat' dir='ltr'>in</span> <span class='ocrx_word' id='word_1_190' title='bbox 826 2661 996 2738; x_wconf 86' lang='lat' dir='ltr'>potentia</span> <span class='ocrx_word' id='word_1_191' title='bbox 1024 2659 1132 2742; x_wconf 86' lang='lat' dir='ltr'>&lt;tan-</span> 
     </span>
     <span class='ocr_line' id='line_1_29' title="bbox 112 2747 1136 2830; baseline 0.005 -22"><span class='ocrx_word' id='word_1_192' title='bbox 112 2747 207 2827; x_wconf 87' lang='lat' dir='ltr'>tnm&gt;</span> <span class='ocrx_word' id='word_1_193' title='bbox 247 2751 549 2810; x_wconf 89' lang='lat' dir='ltr'>communicantes</span> <span class='ocrx_word' id='word_1_194' title='bbox 586 2754 620 2809; x_wconf 88' lang='lat' dir='ltr'>et</span> <span class='ocrx_word' id='word_1_195' title='bbox 656 2751 886 2810; x_wconf 88' lang='lat' dir='ltr'>continentes</span> <span class='ocrx_word' id='word_1_196' title='bbox 921 2751 1136 2830; x_wconf 85' lang='lat' dir='ltr'>medialem,</span> 
     </span>
     <span class='ocr_line' id='line_1_30' title="bbox 115 2838 1134 2915; baseline 0.007 -19"><span class='ocrx_word' id='word_1_197' title='bbox 115 2857 261 2914; x_wconf 91' lang='lat' dir='ltr'>quarum</span> <span class='ocrx_word' id='word_1_198' title='bbox 302 2840 479 2915; x_wconf 89' lang='lat' dir='ltr'>quadrata</span> <span class='ocrx_word' id='word_1_199' title='bbox 520 2840 711 2898; x_wconf 87' lang='lat' dir='ltr'>coniuncta</span> <span class='ocrx_word' id='word_1_200' title='bbox 748 2844 830 2899; x_wconf 90' lang='lat' dir='ltr'>sunt</span> <span class='ocrx_word' id='word_1_201' title='bbox 865 2838 1021 2898; x_wconf 90' lang='lat' dir='ltr'>mediale</span> <span class='ocrx_word' id='word_1_202' title='bbox 1062 2863 1134 2902; x_wconf 91' lang='lat' dir='ltr'>non</span> 
     </span>
    </p>

    <p class='ocr_par' dir='ltr' id='par_1_10' title="bbox 73 2928 1136 3098">
     <span class='ocr_line' id='line_1_31' title="bbox 73 2928 1136 3005; baseline 0.01 -24"><span class='ocrx_word' id='word_1_203' title='bbox 73 2928 375 2987; x_wconf 81' lang='lat' dir='ltr'>sooommunicans</span> <span class='ocrx_word' id='word_1_204' title='bbox 413 2929 520 3005; x_wconf 90' lang='lat' dir='ltr'>duplo</span> <span class='ocrx_word' id='word_1_205' title='bbox 555 2929 771 3005; x_wconf 84' lang='lat' dir='ltr'>superficiei</span> <span class='ocrx_word' id='word_1_206' title='bbox 801 2929 905 2991; x_wconf 90' lang='lat' dir='ltr'>unius</span> <span class='ocrx_word' id='word_1_207' title='bbox 939 2946 1063 2989; x_wconf 88' lang='lat' dir='ltr'>earum</span> <span class='ocrx_word' id='word_1_208' title='bbox 1097 2932 1136 2991; x_wconf 89' lang='lat' dir='ltr'>in</span> 
     </span>
     <span class='ocr_line' id='line_1_32' title="bbox 114 3009 307 3098; baseline 0 -24"><span class='ocrx_word' id='word_1_209' title='bbox 114 3009 307 3098; x_wconf 78' lang='lat' dir='ltr'>alteram.³)</span> 
     </span>
    </p>
   </div>
   <div class='ocr_carea' id='block_1_3' title="bbox 111 3201 1139 3614">
    <p class='ocr_par' dir='ltr' id='par_1_11' title="bbox 111 3201 1139 3614">
     <span class='ocr_line' id='line_1_33' title="bbox 186 3201 1139 3278; baseline 0.002 -20"><span class='ocrx_word' id='word_1_210' title='bbox 186 3206 211 3274; x_wconf 87' lang='lat'>1)</span> <span class='ocrx_word' id='word_1_211' title='bbox 230 3203 303 3258; x_wconf 87' lang='lat' dir='ltr'>Vide</span> <span class='ocrx_word' id='word_1_212' title='bbox 316 3203 458 3257; x_wconf 80' lang='lat' dir='ltr'>Eucnmnn</span> <span class='ocrx_word' id='word_1_213' title='bbox 476 3203 598 3258; x_wconf 74' lang='lat' dir='ltr'>Caurum</span> <span class='ocrx_word' id='word_1_214' title='bbox 610 3204 644 3274; x_wconf 90' lang='lat' dir='ltr'>X,</span> <span class='ocrx_word' id='word_1_215' title='bbox 660 3209 694 3258; x_wconf 77' lang='lat'>24</span> <span class='ocrx_word' id='word_1_216' title='bbox 712 3203 869 3274; x_wconf 80' lang='lat' dir='ltr'>(Hnmnnon</span> <span class='ocrx_word' id='word_1_217' title='bbox 882 3201 907 3256; x_wconf 90' lang='lat' dir='ltr'>X</span> <span class='ocrx_word' id='word_1_218' title='bbox 931 3205 976 3272; x_wconf 86' lang='lat'>31)</span> <span class='ocrx_word' id='word_1_219' title='bbox 995 3207 1026 3258; x_wconf 84' lang='lat' dir='ltr'>et</span> <span class='ocrx_word' id='word_1_220' title='bbox 1045 3223 1139 3278; x_wconf 85' lang='lat' dir='ltr'>supra</span> 
     </span>
     <span class='ocr_line' id='line_1_34' title="bbox 113 3279 1138 3420; baseline 0.006 -21"><span class='ocrx_word' id='word_1_221' title='bbox 113 3295 141 3346; x_wconf 37' lang='lat' dir='ltr'>p·</span> <span class='ocrx_word' id='word_1_222' title='bbox 156 3279 359 3414; x_wconf 62' lang='lat' dir='ltr'>2821)1liiicnl1i&gt;1s</span> <span class='ocrx_word' id='word_1_223' title='bbox 378 3345 498 3400; x_wconf 72' lang='lat' dir='ltr'>Causam</span> <span class='ocrx_word' id='word_1_224' title='bbox 516 3346 550 3417; x_wconf 92' lang='lat' dir='ltr'>X,</span> <span class='ocrx_word' id='word_1_225' title='bbox 570 3353 603 3402; x_wconf 76' lang='lat'>25</span> <span class='ocrx_word' id='word_1_226' title='bbox 623 3347 777 3418; x_wconf 71' lang='lat' dir='ltr'>(Hammon</span> <span class='ocrx_word' id='word_1_227' title='bbox 795 3345 834 3415; x_wconf 89' lang='lat' dir='ltr'>X,</span> <span class='ocrx_word' id='word_1_228' title='bbox 853 3349 906 3416; x_wconf 81' lang='lat'>32).</span> <span class='ocrx_word' id='word_1_229' title='bbox 950 3343 1025 3400; x_wconf 86' lang='lat' dir='ltr'>Vide</span> <span class='ocrx_word' id='word_1_230' title='bbox 1044 3365 1138 3420; x_wconf 85' lang='lat' dir='ltr'>supra</span> 
     </span>
     <span class='ocr_line' id='line_1_35' title="bbox 113 3420 1139 3614; baseline 0.004 -72"><span class='ocrx_word' id='word_1_231' title='bbox 113 3422 213 3614; x_wconf 57' lang='grc' dir='ltr'>Ρίδξ)</span> <span class='ocrx_word' id='word_1_232' title='bbox 232 3420 362 3542; x_wconf 60' lang='lat' dir='ltr'>Xiiininrs</span> <span class='ocrx_word' id='word_1_233' title='bbox 380 3489 500 3544; x_wconf 73' lang='lat' dir='ltr'>Cannam</span> <span class='ocrx_word' id='word_1_234' title='bbox 520 3489 554 3558; x_wconf 88' lang='lat' dir='ltr'>X,</span> <span class='ocrx_word' id='word_1_235' title='bbox 574 3487 840 3560; x_wconf 77' lang='lat' dir='ltr'>29(Hnmano11X,</span> <span class='ocrx_word' id='word_1_236' title='bbox 860 3491 912 3558; x_wconf 80' lang='lat'><strong>35).</strong></span> <span class='ocrx_word' id='word_1_237' title='bbox 957 3486 1012 3542; x_wconf 76' lang='lat' dir='ltr'>cn.</span> <span class='ocrx_word' id='word_1_238' title='bbox 1033 3507 1063 3559; x_wconf 88' lang='lat' dir='ltr'>p.</span> <span class='ocrx_word' id='word_1_239' title='bbox 1080 3498 1139 3548; x_wconf 80' lang='lat'>284</span> 
     </span>
     <span class='ocr_line' id='line_1_36' title="bbox 111 3576 211 3614; baseline 0 0"><span class='ocrx_word' id='word_1_240' title='bbox 111 3576 172 3614; x_wconf 87' lang='lat' dir='ltr'>no.</span> <span class='ocrx_word' id='word_1_241' title='bbox 205 3603 211 3614; x_wconf 88' lang='lat'>.</span> 
     </span>
    </p>
   </div>
   <div class='ocr_carea' id='block_1_4' title="bbox 0 0 1209 3848">
    <p class='ocr_par' dir='ltr' id='par_1_12' title="bbox 0 0 1209 3848">
     <span class='ocr_line' id='line_1_37' title="bbox 0 0 1209 3848; baseline 0 0"><span class='ocrx_word' id='word_1_242' title='bbox 0 0 1209 3848; x_wconf 95' lang='lat' dir='ltr'> </span> 
     </span>
    </p>
   </div>
  </div>
 </body>
</html>
