2408 3848
146 128 187 192 76
431 125 597 182 ANARITII
615 123 873 181 COMMENTARII

145 297 270 372 rectis,
294 299 398 356 erunt
416 296 595 372 trianguli
616 295 776 370 equales3
800 297 836 354 et
854 294 885 353 si
902 292 1061 352 minores
1081 292 1161 353 duo-

144 386 209 445 bus
232 386 343 444 reotis
365 386 519 460 fuerint,
547 385 768 460 triangulus,
797 383 898 442 cuius
926 383 1083 461 angulus
1112 386 1162 442 est

145 475 274 549 maior,
320 475 390 533 erit
426 475 540 534 maior
576 473 693 532 altero
735 469 981 550 <tri>angu103
1032 467 1091 550 <et
1135 471 1162 531 si

146 566 299 623 maiores
327 563 462 622 duobus
490 564 601 621 rectis
629 563 781 637 fuerint,
807 561 1034 639 triangulus,
1063 561 1163 620 ouius

120 654 297 732 oangulus
322 656 372 711 est
393 652 521 727 minor,
554 652 624 709 erit
647 651 760 710 maior
783 652 899 710 altero
922 647 1147 728 triangulo).

234 742 371 817 Exempli
408 760 498 800 eausa
531 741 591 800 sint
623 741 681 798 duo
710 741 813 818 anguli
841 741 913 815 buy,
943 740 1005 799 eda
1038 739 1162 799 duorum

146 832 366 908 triangulorum
398 832 476 906 obp,
509 832 583 906 dea,
616 830 669 905 qui
701 829 862 888 secundam
893 830 1035 904 formam,
1076 847 1162 904 quam

147 921 379 994 nominavimus,
408 920 469 978 sint
495 919 624 995 primum
653 919 775 994 equales
798 918 915 978 duobus
937 917 1043 993 rectis,
1068 917 1161 994 posito

147 1013 261 1084 tamen,
286 1009 366 1085 quod
389 1010 518 1086 angulus
547 1010 612 1082 buy
634 1008 674 1066 sit
695 1008 799 1066 maior.
846 1006 1036 1066 Constituam
1062 1006 1161 1083 itaque

108 1113 134 1150 1⁰
148 1118 240 1174 supra
253 1101 398 1174 punctum
413 1100 433 1157 d
446 1099 523 1156 lineo
538 1100 576 1157 de
591 1097 737 1174 angulum
747 1098 802 1156 edt
811 1097 949 1172 equalem
963 1095 1079 1173 angulo
1095 1097 1161 1170 ooo,

148 1188 226 1246 sieut
247 1187 440 1246 manifestum
463 1191 509 1246 est
531 1207 567 1245 ex
589 1186 765 1262 probatione
789 1185 884 1261 figure
910 1186 972 1260 23⁰,
1003 1187 1034 1243 ot
1057 1185 1162 1244 faciam

150 2089 277 2147 transire
301 2107 391 2163 supra
413 2091 595 2163 punctuma
622 2089 734 2146 lineam
757 2088 991 2165 equidistantem
1020 2089 1100 2149 lineo
1121 2091 1161 2164 de,

152 2197 209 2253 que
233 2177 272 2235 sit
294 2182 337 2252 al,
362 2177 439 2235 siout
462 2178 654 2236 manifestum
677 2180 722 2236 est
740 2198 776 2235 ex
794 2177 970 2253 probatione
988 2177 1087 2256 figure
1107 2180 1160 2252 31⁶,

151 2269 181 2324 et
203 2267 376 2342 protraham
399 2271 442 2324 te:
466 2286 536 2343 ergo
560 2267 619 2325 duo
643 2266 747 2344 anguli
771 2268 847 2342 buy,
872 2269 926 2326 edi
949 2271 1020 2326 sunt
1040 2269 1160 2344 equales

112 2368 137 2407 15
153 2354 211 2414 Sed
233 2374 287 2414 nos
310 2355 465 2432 posuimus
485 2355 560 2415 duos
583 2357 710 2432 angulos
733 2357 810 2432 buy,
834 2357 893 2416 eda
912 2357 1035 2432 equales
1055 2357 1161 2417 duobus

150 2445 252 2518 rectis,
282 2464 351 2522 ergo
381 2445 549 2504 coniunctio
579 2445 707 2504 duorum
734 2445 913 2522 angulorum
943 2447 1014 2521 eut,
1043 2448 1104 2507 eda
1124 2446 1161 2505 est

152 2533 268 2609 equalis
302 2534 416 2591 duobus
453 2534 550 2592 rectis.
608 2533 666 2592 Sed
703 2534 871 2593 coniunctio
908 2534 1039 2594 duorum
1077 2552 1160 2614 angu-

151 2624 249 2682 lorum
274 2624 335 2696 edi,
359 2625 414 2682 dtr
437 2626 482 2681 est
505 2623 620 2698 equalis
640 2623 840 2682 coniunctioni
860 2623 987 2682 duorum
1010 2627 1161 2694 rectorum,

153 2713 232 2787 quod
258 2712 451 2770 manifestum
481 2715 526 2770 est
555 2712 716 2770 seeundum
748 2712 955 2787 probationem
983 2712 1083 2792 figure
1107 2713 1160 2787 29⁰,

93 2814 139 2853 ao
153 2800 295 2876 quoniam
323 2805 356 2860 rt
383 2801 545 2876 equidistat
573 2803 619 2860 ed.
673 2800 705 2857 Si
737 2819 806 2877 ergo
841 2820 994 2861 removero
1027 2803 1160 2881 angulum
1197 2811 1200 2825 ’

152 2909 338 2948 communem
358 2891 419 2965 adt,
439 2889 603 2948 remanebit
619 2890 745 2966 angulus
760 2892 820 2950 eda
839 2891 954 2966 equalis
974 2892 1089 2969 angulo
1107 2893 1176 2956 dra.

153 2981 183 3037 et
212 2979 283 3054 quia
310 2979 389 3036 linea
416 2983 449 3038 at
480 2978 644 3053 equidistat
674 2979 751 3036 linee
781 2981 833 3055 de,
868 2979 924 3038 erit
954 2981 1087 3058 angulus
1116 2980 1161 3040 oo

153 3067 268 3142 equalis
292 3068 401 3144 angulo
426 3068 493 3126 eda.
540 3066 597 3125 Sed
625 3088 683 3143 que
711 3086 825 3126 unare
849 3072 919 3127 sunt
949 3070 1085 3146 equalia,
1114 3065 1161 3129 sibi

152 3157 279 3215 invicem
289 3160 359 3215 sunt
370 3156 498 3232 aqualia,
509 3176 578 3233 ergo
589 3157 717 3232 angulus
727 3158 784 3216 ote
794 3160 839 3215 est
848 3157 964 3233 equalis
975 3160 1091 3236 angulo
1103 3160 1161 3220 dab

113 3258 139 3298 25
154 3265 222 3322 ergo
252 3246 333 3303 latus
363 3246 401 3304 ult
430 3248 475 3304 est
505 3245 611 3321 equale
639 3245 726 3304 lateri
754 3248 803 3305 cla.
859 3246 917 3304 Sed
947 3247 1031 3307 linea
1058 3250 1101 3310 dr
1125 3246 1162 3307 est

154 3334 269 3409 equalis
301 3334 377 3391 linee
401 3353 454 3410 ao,
488 3338 518 3393 et
548 3335 628 3392 linea
652 3336 691 3393 de
723 3337 768 3392 est
800 3335 913 3412 equalis
945 3336 1025 3396 linee
1054 3340 1111 3415 ab,
1139 3336 1163 3395 el

226 3511 267 3559 26.
288 3524 340 3576 up,
360 3506 416 3559 sed.
