2408 3848
118 162 161 227 48
406 157 847 215 aumnucommnmau

119 331 199 388 linea
226 330 266 388 dr
294 332 338 387 est
370 329 485 404 equalis
516 329 594 388 linee
621 331 673 389 db.
729 328 804 387 Cum
834 345 904 404 ergo
935 321 1125 382 minnerimus

118 419 194 477 duas
217 418 310 476 lineas
334 418 454 493 equales
477 420 520 477 do
544 430 574 477 et
601 421 644 479 db
667 439 704 477 ex
725 418 840 476 duabus
866 414 951 474 lineis
973 411 1125 488 equalibus

118 509 160 567 ed
183 510 213 564 et
235 508 287 580 dl,
309 506 473 565 remanebit
495 507 575 567 linea
598 511 636 568 bs
659 509 775 583 equalis
797 507 874 564 linee
896 505 947 563 ab.
987 500 1046 560 Sed
1067 501 1126 559 iam

119 595 311 668 ostendimus,
335 595 413 671 quod
435 596 514 654 linea
538 599 575 658 bc
597 604 644 656 est
666 599 781 672 equalis
805 599 857 671 by,
880 598 910 652 et
931 611 974 667 ea,
997 610 1055 667 que
1076 589 1128 647 uni

94 685 165 743 orei
187 690 257 743 sunt
280 685 410 760 equalia,
439 687 558 759 equalia
581 694 660 761 sunt,
688 707 758 765 ergo
781 687 861 745 linea
883 685 926 743 ab
947 684 993 740 est
1014 679 1127 755 equalis

120 774 197 831 linee
221 775 268 847 by.
313 773 383 831 Jam
406 774 592 834 adiunximus
614 781 726 852 puncto
749 797 768 835 a
791 777 902 833 lineam
923 773 965 831 ab
991 768 1128 846 equalem

120 864 197 920 linae
226 864 273 937 ὁρ,
302 863 384 920 cuius
411 864 581 924 extremitas
608 874 655 924 est
682 872 829 941 punctum
855 883 886 936 ας
918 864 949 920 et
973 858 1050 917 illud
1076 862 1127 932 est,

120 953 201 1027 quod
223 951 423 1010 demonstrem
445 952 601 1014 voluimus.

210 1041 265 1098 Est
296 1060 413 1116 quoque
445 1041 521 1100 alius
553 1037 704 1124 moduss),
740 1063 799 1120 quo
830 1042 965 1113 docetur,
1000 1036 1129 1113 qualiter

38 1153 46 1170 κ
84 1129 318 1204 10protral1atur
344 1130 424 1188 linea
451 1131 565 1205 equalis
592 1135 669 1191 linee
693 1134 777 1205 date,
803 1132 856 1208 qui
882 1134 928 1189 est
953 1125 1128 1186 huiusmodi,

121 1218 267 1291 Ponatur,
298 1222 333 1275 ut
363 1238 422 1277 non
455 1219 495 1277 sit
525 1228 670 1295 punctum
701 1244 721 1283 a
753 1240 843 1298 supra
873 1220 984 1277 lineam
1012 1217 1069 1290 qb,
1100 1218 1130 1272 et

121 1310 265 1382 punctum
296 1326 314 1365 a
345 1308 385 1366 sit
416 1312 510 1367 extre-

121 1395 211 1454 mitas
224 1396 301 1454 linea
322 1397 445 1472 quesite,
464 1397 516 1455 sed
979 1422 1003 1454 a

121 1484 162 1542 sit
187 1485 267 1544 linea
289 1487 344 1560 qb,
376 1505 444 1544 cum
471 1505 515 1545 se-

83 1584 109 1624 15
140 1574 268 1632 cundum
289 1576 498 1633 rectitudinem

120 1664 333 1737 protrahatur,
368 1665 516 1721 transiens

122 1770 210 1827 super
224 1753 330 1826 ipsum
349 1751 516 1810 Producam

122 1858 192 1915 ergo
211 1841 321 1898 lineam
339 1842 391 1912 bq,
416 1859 516 1898 secun-

163 1927 233 1984 dum
255 1928 476 1987 rectitudinem:

82 2026 110 2066 ao
123 2016 263 2073 transibit
312 2036 382 2093 crgo
430 2036 518 2094 super

123 2108 267 2178 punctum
284 2124 312 2162 o.
352 2105 465 2165 Deinde
489 2109 669 2168 constituam
691 2127 780 2183 super
801 2107 913 2165 lineam
935 2106 976 2163 ba
997 2104 1131 2180 triangu-

123 2192 186 2249 lum
213 2193 420 2269 equilatcrum,
449 2198 501 2271 qui
528 2199 568 2255 sit
593 2197 764 2272 triangulus
791 2197 871 2262 adb,
903 2204 934 2253 et
960 2192 1132 2268 protraham

123 2281 234 2338 lineam
260 2283 304 2340 da
330 2285 489 2342 secundum
515 2286 725 2344 rectitudinem
752 2305 846 2360 usque
874 2283 913 2342 ad
940 2285 1085 2358 punctum
1110 2298 1132 2340 c.

124 2369 238 2427 Deinde
260 2390 369 2446 ponam
394 2384 536 2448 punctum
561 2395 580 2433 α
603 2380 750 2450 centrum,
778 2380 810 2433 et
835 2368 944 2450 (cum)
967 2371 1064 2446 spatio
1092 2388 1134 2443 aq

83 2470 111 2509 ²⁵
124 2458 288 2517 describam
309 2480 410 2519 arcum
429 2464 498 2537 μὴ.
548 2464 741 2522 Manifestum
768 2468 814 2522 est
837 2481 922 2540 ergo,
948 2459 1028 2535 quod
1053 2458 1134 2517 linea

124 2565 167 2621 oy
193 2558 239 2605 est
261 2550 376 2624 equalis
403 2551 480 2609 linee
507 2571 559 2623 ac3
592 2554 643 2610 sed
669 2553 750 2610 linea
773 2555 815 2611 bo
842 2558 889 2610 est
914 2548 1029 2625 equalis
1055 2548 1133 2606 linae

124 2636 177 2709 du,
200 2655 270 2713 crgo
292 2638 373 2696 linea
391 2641 430 2712 by
452 2644 498 2698 est
520 2642 634 2716 equalis
657 2642 735 2700 linea
758 2643 811 2714 dc3
834 2646 865 2700 et
882 2639 960 2698 illud
977 2642 1031 2711 est,
1054 2635 1135 2712 qnod

125 2723 326 2784 demonstrare
348 2728 504 2787 voluimus.

126 2901 146 2959 d
212 2813 286 2871 Hoc
313 2816 405 2890 quod
432 2818 610 2892 sequitur,
643 2819 769 2895 quinto
792 2807 1042 2894 theoremati²)
1098 2813 1134 2872 d·

84 2914 113 2953 ao
150 2901 248 2960 itum,

566 1890 594 1944 h
1106 1897 1135 1954 θ

198 3042 221 3089 l.
239 3034 431 3108 minuerimua]
450 3037 643 3094 invenerimus.

199 3184 224 3245 l)
243 3177 279 3231 Et
297 3178 386 3246 ligura
404 3181 433 3231 et
451 3181 621 3235 constructio
639 3200 752 3251 prorsus
770 3187 813 3237 est
831 3183 925 3237 aliena
943 3180 980 3234 ab
992 3177 1045 3233 illa
1058 3177 1136 3248 apud

126 3247 412 3302 Bassum-ummo.
432 3249 609 3319 l'itupcratio
619 3253 764 3308 Heluam
773 3255 847 3308 falsa
858 3270 919 3308 esse
932 3251 1004 3305 mibi
1015 3249 1134 3303 videtur.

197 3326 224 3387 ⁶2)
243 3318 378 3372 Euenum
397 3320 417 3385 l,
436 3327 464 3374 b:
495 3324 589 3377 (laureis
605 3328 741 3396 triunqub‘
761 3329 847 3379 duum
865 3325 1001 3394 equalium
1021 3323 1136 3376 laem

126 3391 255 3461 mulos,
272 3391 321 3459 qui
337 3408 422 3459 cupra
441 3392 525 3445 tussim
543 3402 616 3460 sunt,
634 3398 740 3465 equales
757 3414 811 3452 csse
830 3413 932 3451 necesse
949 3402 1002 3460 δὴ
1021 3393 1095 3463 quod
1111 3392 1137 3446 εἰ

124 3461 186 3517 duo
207 3463 262 3515 duo
284 3461 393 3529 aqualia
412 3462 498 3515 uara
519 3465 617 3520 directe
630 3470 845 3535 protrahuntur,
871 3470 937 3535 fient
961 3482 1065 3536 quoque
1086 3463 1136 3519 aab

74 3532 188 3632 *buci
204 3534 260 3589 duo
277 3533 376 3604 unquli
393 3534 507 3589 invicem
525 3538 639 3605 mactes.
