<?xml version="1.0" encoding="UTF-8"?>
<!DOCTYPE html PUBLIC "-//W3C//DTD XHTML 1.0 Transitional//EN"
    "http://www.w3.org/TR/xhtml1/DTD/xhtml1-transitional.dtd">
<html xmlns="http://www.w3.org/1999/xhtml" xml:lang="en" lang="en">
 <head>
  <title>
</title>
<meta http-equiv="Content-Type" content="text/html;charset=utf-8" />
  <meta name='ocr-system' content='tesseract 3.04.00' />
  <meta name='ocr-capabilities' content='ocr_page ocr_carea ocr_par ocr_line ocrx_word'/>
</head>
<body>
  <div class='ocr_page' id='page_1' title='image "./euclidisoperaom18unkngoog/euclidisoperaom18unkngoog_0276.png"; bbox 0 0 2408 3848; ppageno 0'>
   <div class='ocr_carea' id='block_1_1' title="bbox 395 139 1086 204">
    <p class='ocr_par' dir='ltr' id='par_1_1' title="bbox 395 139 1086 204">
     <span class='ocr_line' id='line_1_1' title="bbox 395 139 1086 204; baseline 0.014 -10"><span class='ocrx_word' id='word_1_1' title='bbox 395 140 445 194; x_wconf 88' lang='lat' dir='ltr'><strong>AD</strong></span> <span class='ocrx_word' id='word_1_2' title='bbox 464 139 649 196; x_wconf 80' lang='lat' dir='ltr'>EUCLIDEM</span> <span class='ocrx_word' id='word_1_3' title='bbox 667 141 734 195; x_wconf 89' lang='lat' dir='ltr'><strong>LIB.</strong></span> <span class='ocrx_word' id='word_1_4' title='bbox 748 140 782 196; x_wconf 89' lang='lat' dir='ltr'><strong>X.</strong></span> <span class='ocrx_word' id='word_1_5' title='bbox 1021 139 1086 204; x_wconf 77' lang='lat'><strong>239</strong></span> 
     </span>
    </p>
   </div>
   <div class='ocr_carea' id='block_1_2' title="bbox 72 307 1173 830">
    <p class='ocr_par' dir='ltr' id='par_1_2' title="bbox 72 307 1173 830">
     <span class='ocr_line' id='line_1_2' title="bbox 118 307 1086 388; baseline 0.001 -21"><span class='ocrx_word' id='word_1_6' title='bbox 118 309 166 368; x_wconf 86' lang='lat' dir='ltr'><strong>Sit</strong></span> <span class='ocrx_word' id='word_1_7' title='bbox 183 309 287 385; x_wconf 89' lang='lat' dir='ltr'><strong>itaque</strong></span> <span class='ocrx_word' id='word_1_8' title='bbox 304 328 445 368; x_wconf 91' lang='lat' dir='ltr'><strong>numerus</strong></span> <span class='ocrx_word' id='word_1_9' title='bbox 460 311 501 369; x_wconf 84' lang='lat' dir='ltr'><strong>cb</strong></span> <span class='ocrx_word' id='word_1_10' title='bbox 516 309 690 388; x_wconf 78' lang='lat' dir='ltr'><strong>quadratus,</strong></span> <span class='ocrx_word' id='word_1_11' title='bbox 705 328 794 384; x_wconf 92' lang='lat' dir='ltr'><strong>quem</strong></span> <span class='ocrx_word' id='word_1_12' title='bbox 807 307 927 367; x_wconf 91' lang='lat' dir='ltr'><strong>induas</strong></span> <span class='ocrx_word' id='word_1_13' title='bbox 942 308 1086 368; x_wconf 76' lang='lat' dir='ltr'><strong>sectiones</strong></span> 
     </span>
     <span class='ocr_line' id='line_1_3' title="bbox 76 398 1086 474; baseline 0 -18"><span class='ocrx_word' id='word_1_14' title='bbox 76 399 208 458; x_wconf 84' lang='lat' dir='ltr'><strong>diversas</strong></span> <span class='ocrx_word' id='word_1_15' title='bbox 237 418 327 474; x_wconf 89' lang='lat' dir='ltr'><strong>supra</strong></span> <span class='ocrx_word' id='word_1_16' title='bbox 354 402 499 474; x_wconf 92' lang='lat' dir='ltr'><strong>punctum</strong></span> <span class='ocrx_word' id='word_1_17' title='bbox 520 417 540 472; x_wconf 75' lang='lat' dir='ltr'><strong>p</strong></span> <span class='ocrx_word' id='word_1_18' title='bbox 563 398 707 474; x_wconf 79' lang='lat' dir='ltr'><strong>dividam,</strong></span> <span class='ocrx_word' id='word_1_19' title='bbox 730 398 829 474; x_wconf 90' lang='lat' dir='ltr'><strong>sitque</strong></span> <span class='ocrx_word' id='word_1_20' title='bbox 852 417 894 472; x_wconf 79' lang='lat' dir='ltr'><strong>op</strong></span> <span class='ocrx_word' id='word_1_21' title='bbox 915 398 1011 457; x_wconf 88' lang='lat' dir='ltr'><strong>maior</strong></span> <span class='ocrx_word' id='word_1_22' title='bbox 1030 399 1086 472; x_wconf 75' lang='lat' dir='ltr'><strong>9b3</strong></span> 
     </span>
     <span class='ocr_line' id='line_1_4' title="bbox 74 487 1086 563; baseline -0.001 -18"><span class='ocrx_word' id='word_1_23' title='bbox 74 507 170 563; x_wconf 92' lang='lat' dir='ltr'><strong>neque</strong></span> <span class='ocrx_word' id='word_1_24' title='bbox 198 507 309 563; x_wconf 89' lang='lat' dir='ltr'><strong>ponam</strong></span> <span class='ocrx_word' id='word_1_25' title='bbox 337 487 468 563; x_wconf 84' lang='lat' dir='ltr'>aliquem</span> <span class='ocrx_word' id='word_1_26' title='bbox 496 487 622 546; x_wconf 86' lang='lat' dir='ltr'><strong>duorum</strong></span> <span class='ocrx_word' id='word_1_27' title='bbox 648 507 841 546; x_wconf 88' lang='lat' dir='ltr'><strong>numerorum</strong></span> <span class='ocrx_word' id='word_1_28' title='bbox 869 506 923 562; x_wconf 72' lang='lat' dir='ltr'><strong>op,</strong></span> <span class='ocrx_word' id='word_1_29' title='bbox 944 488 985 560; x_wconf 72' lang='lat' dir='ltr'><strong>pb</strong></span> <span class='ocrx_word' id='word_1_30' title='bbox 1014 506 1086 562; x_wconf 91' lang='lat' dir='ltr'><strong>qua-</strong></span> 
     </span>
     <span class='ocr_line' id='line_1_5' title="bbox 73 575 1086 652; baseline -0.001 -17"><span class='ocrx_word' id='word_1_31' title='bbox 73 577 205 650; x_wconf 78' lang='lat' dir='ltr'><strong>dratum3</strong></span> <span class='ocrx_word' id='word_1_32' title='bbox 232 581 262 635; x_wconf 85' lang='lat' dir='ltr'><strong>et</strong></span> <span class='ocrx_word' id='word_1_33' title='bbox 284 595 395 652; x_wconf 91' lang='lat' dir='ltr'><strong>ponam</strong></span> <span class='ocrx_word' id='word_1_34' title='bbox 416 576 528 634; x_wconf 91' lang='lat' dir='ltr'><strong>lineam</strong></span> <span class='ocrx_word' id='word_1_35' title='bbox 550 577 586 634; x_wconf 71' lang='lat' dir='ltr'><strong>let</strong></span> <span class='ocrx_word' id='word_1_36' title='bbox 607 577 872 635; x_wconf 80' lang='lat' dir='ltr'><strong>communicantem</strong></span> <span class='ocrx_word' id='word_1_37' title='bbox 895 575 986 635; x_wconf 90' lang='lat' dir='ltr'><strong>alicui</strong></span> <span class='ocrx_word' id='word_1_38' title='bbox 1008 576 1086 634; x_wconf 92' lang='lat' dir='ltr'><strong>linee</strong></span> 
     </span>
     <span class='ocr_line' id='line_1_6' title="bbox 73 664 1173 742; baseline 0.001 -19"><span class='ocrx_word' id='word_1_39' title='bbox 73 666 215 725; x_wconf 79' lang='lat' dir='ltr'><strong>rationali</strong></span> <span class='ocrx_word' id='word_1_40' title='bbox 239 665 271 723; x_wconf 93' lang='lat' dir='ltr'><strong>in</strong></span> <span class='ocrx_word' id='word_1_41' title='bbox 289 665 477 742; x_wconf 85' lang='lat' dir='ltr'><strong>longitudine</strong></span> <span class='ocrx_word' id='word_1_42' title='bbox 496 665 606 741; x_wconf 85' lang='lat' dir='ltr'><strong>posite3</strong></span> <span class='ocrx_word' id='word_1_43' title='bbox 630 667 797 741; x_wconf 74' lang='lat' dir='ltr'><strong>ciperem,</strong></span> <span class='ocrx_word' id='word_1_44' title='bbox 820 667 855 722; x_wconf 89' lang='lat' dir='ltr'><strong>ut</strong></span> <span class='ocrx_word' id='word_1_45' title='bbox 872 664 1025 740; x_wconf 89' lang='lat' dir='ltr'><strong>proportio</strong></span> <span class='ocrx_word' id='word_1_46' title='bbox 1044 667 1085 724; x_wconf 84' lang='lat' dir='ltr'><strong>cb</strong></span> <span class='ocrx_word' id='word_1_47' title='bbox 1113 677 1127 717; x_wconf 84' lang='lat'><strong>5</strong></span> <span class='ocrx_word' id='word_1_48' title='bbox 1168 669 1173 680; x_wconf 92' lang='lat'><em>&#39;</em></span> 
     </span>
     <span class='ocr_line' id='line_1_7' title="bbox 72 753 1086 830; baseline 0 -18"><span class='ocrx_word' id='word_1_49' title='bbox 72 755 120 812; x_wconf 87' lang='lat' dir='ltr'><strong>ad.</strong></span> <span class='ocrx_word' id='word_1_50' title='bbox 140 774 182 828; x_wconf 76' lang='lat' dir='ltr'><strong>cp</strong></span> <span class='ocrx_word' id='word_1_51' title='bbox 210 754 250 813; x_wconf 92' lang='lat' dir='ltr'><strong>sit</strong></span> <span class='ocrx_word' id='word_1_52' title='bbox 277 755 354 812; x_wconf 87' lang='lat' dir='ltr'><strong>sicut</strong></span> <span class='ocrx_word' id='word_1_53' title='bbox 376 754 530 830; x_wconf 84' lang='lat' dir='ltr'><strong>proportio</strong></span> <span class='ocrx_word' id='word_1_54' title='bbox 554 753 695 830; x_wconf 87' lang='lat' dir='ltr'><strong>quadrati</strong></span> <span class='ocrx_word' id='word_1_55' title='bbox 718 756 753 812; x_wconf 77' lang='lat' dir='ltr'><strong>ltt</strong></span> <span class='ocrx_word' id='word_1_56' title='bbox 775 753 827 829; x_wconf 63' lang='lat' dir='ltr'><strong>acl</strong></span> <span class='ocrx_word' id='word_1_57' title='bbox 837 753 1017 830; x_wconf 82' lang='lat' dir='ltr'><strong>quadratum</strong></span> <span class='ocrx_word' id='word_1_58' title='bbox 1040 755 1086 812; x_wconf 78' lang='lat' dir='ltr'><strong>tlt:</strong></span> 
     </span>
    </p>
   </div>
   <div class='ocr_carea' id='block_1_3' title="bbox 233 914 927 1022">
    <p class='ocr_par' dir='ltr' id='par_1_3' title="bbox 233 914 927 1022">
     <span class='ocr_line' id='line_1_8' title="bbox 233 914 927 1022; baseline -0.001 -54"><span class='ocrx_word' id='word_1_59' title='bbox 233 915 499 1022; x_wconf 76' lang='lat' dir='ltr'><strong>bacaqucdratusp</strong></span> <span class='ocrx_word' id='word_1_60' title='bbox 587 931 644 968; x_wconf 77' lang='lat' dir='ltr'><strong>aon</strong></span> <span class='ocrx_word' id='word_1_61' title='bbox 663 914 814 983; x_wconf 79' lang='lat' dir='ltr'><strong>quadratus</strong></span> <span class='ocrx_word' id='word_1_62' title='bbox 909 932 927 967; x_wconf 87' lang='lat' dir='ltr'><strong>a</strong></span> 
     </span>
    </p>
   </div>
   <div class='ocr_carea' id='block_1_4' title="bbox 73 2013 1127 2978">
    <p class='ocr_par' dir='ltr' id='par_1_4' title="bbox 73 2013 1127 2978">
     <span class='ocr_line' id='line_1_9' title="bbox 75 2013 1086 2090; baseline 0.003 -20"><span class='ocrx_word' id='word_1_63' title='bbox 75 2014 140 2072; x_wconf 88' lang='lat' dir='ltr'><strong>dico</strong></span> <span class='ocrx_word' id='word_1_64' title='bbox 163 2015 265 2090; x_wconf 84' lang='lat' dir='ltr'><strong>igitur,</strong></span> <span class='ocrx_word' id='word_1_65' title='bbox 289 2014 370 2090; x_wconf 87' lang='lat' dir='ltr'><strong>quod</strong></span> <span class='ocrx_word' id='word_1_66' title='bbox 391 2014 471 2072; x_wconf 91' lang='lat' dir='ltr'><strong>linea</strong></span> <span class='ocrx_word' id='word_1_67' title='bbox 493 2015 535 2072; x_wconf 79' lang='lat' dir='ltr'><strong>lrlc</strong></span> <span class='ocrx_word' id='word_1_68' title='bbox 558 2017 604 2073; x_wconf 90' lang='lat' dir='ltr'><strong>est</strong></span> <span class='ocrx_word' id='word_1_69' title='bbox 625 2013 790 2073; x_wconf 88' lang='lat' dir='ltr'><strong>binomium</strong></span> <span class='ocrx_word' id='word_1_70' title='bbox 813 2016 963 2088; x_wconf 88' lang='lat' dir='ltr'><strong>quartum.</strong></span> <span class='ocrx_word' id='word_1_71' title='bbox 1001 2013 1086 2083; x_wconf 83' lang='lat' dir='ltr'><strong>Quod</strong></span> 
     </span>
     <span class='ocr_line' id='line_1_10' title="bbox 75 2102 1086 2178; baseline 0.002 -19"><span class='ocrx_word' id='word_1_72' title='bbox 75 2102 143 2159; x_wconf 87' lang='lat' dir='ltr'><strong>inde</strong></span> <span class='ocrx_word' id='word_1_73' title='bbox 172 2105 229 2175; x_wconf 87' lang='lat' dir='ltr'><strong>est,</strong></span> <span class='ocrx_word' id='word_1_74' title='bbox 258 2103 399 2178; x_wconf 89' lang='lat' dir='ltr'><strong>quoniam</strong></span> <span class='ocrx_word' id='word_1_75' title='bbox 425 2121 535 2178; x_wconf 91' lang='lat' dir='ltr'><strong>ponam</strong></span> <span class='ocrx_word' id='word_1_76' title='bbox 565 2105 605 2162; x_wconf 84' lang='lat' dir='ltr'><strong>de</strong></span> <span class='ocrx_word' id='word_1_77' title='bbox 634 2103 770 2178; x_wconf 85' lang='lat' dir='ltr'><strong>equalem</strong></span> <span class='ocrx_word' id='word_1_78' title='bbox 797 2103 844 2178; x_wconf 75' lang='lat' dir='ltr'><strong>let,</strong></span> <span class='ocrx_word' id='word_1_79' title='bbox 875 2122 965 2178; x_wconf 87' lang='lat' dir='ltr'><strong>supra</strong></span> <span class='ocrx_word' id='word_1_80' title='bbox 995 2123 1086 2178; x_wconf 92' lang='lat' dir='ltr'><strong>quam</strong></span> 
     </span>
     <span class='ocr_line' id='line_1_11' title="bbox 76 2190 1085 2267; baseline 0.002 -20"><span class='ocrx_word' id='word_1_81' title='bbox 76 2190 240 2248; x_wconf 85' lang='lat' dir='ltr'><strong>describam</strong></span> <span class='ocrx_word' id='word_1_82' title='bbox 263 2191 479 2250; x_wconf 87' lang='lat' dir='ltr'><strong>semicirculum</strong></span> <span class='ocrx_word' id='word_1_83' title='bbox 502 2193 569 2267; x_wconf 75' lang='lat' dir='ltr'><strong>dre,</strong></span> <span class='ocrx_word' id='word_1_84' title='bbox 592 2192 623 2249; x_wconf 89' lang='lat' dir='ltr'><strong>et</strong></span> <span class='ocrx_word' id='word_1_85' title='bbox 645 2209 755 2266; x_wconf 91' lang='lat' dir='ltr'><strong>ponam</strong></span> <span class='ocrx_word' id='word_1_86' title='bbox 777 2192 817 2249; x_wconf 70' lang='lat' dir='ltr'><strong>ola</strong></span> <span class='ocrx_word' id='word_1_87' title='bbox 840 2192 976 2267; x_wconf 88' lang='lat' dir='ltr'><strong>equalem</strong></span> <span class='ocrx_word' id='word_1_88' title='bbox 994 2193 1036 2267; x_wconf 76' lang='lat' dir='ltr'><strong>tle,</strong></span> <span class='ocrx_word' id='word_1_89' title='bbox 1055 2195 1085 2250; x_wconf 89' lang='lat' dir='ltr'><strong>et</strong></span> 
     </span>
     <span class='ocr_line' id='line_1_12' title="bbox 74 2279 1127 2356; baseline 0.003 -20"><span class='ocrx_word' id='word_1_90' title='bbox 74 2280 236 2355; x_wconf 86' lang='lat' dir='ltr'><strong>producam</strong></span> <span class='ocrx_word' id='word_1_91' title='bbox 258 2298 303 2339; x_wconf 72' lang='lat' dir='ltr'><strong>aa.</strong></span> <span class='ocrx_word' id='word_1_92' title='bbox 340 2280 381 2338; x_wconf 82' lang='lat' dir='ltr'><strong>Et</strong></span> <span class='ocrx_word' id='word_1_93' title='bbox 403 2279 476 2356; x_wconf 89' lang='lat' dir='ltr'><strong>quia</strong></span> <span class='ocrx_word' id='word_1_94' title='bbox 497 2279 652 2355; x_wconf 90' lang='lat' dir='ltr'><strong>proportio</strong></span> <span class='ocrx_word' id='word_1_95' title='bbox 674 2279 792 2337; x_wconf 88' lang='lat' dir='ltr'><strong>numeri</strong></span> <span class='ocrx_word' id='word_1_96' title='bbox 810 2281 851 2338; x_wconf 81' lang='lat' dir='ltr'><strong>ab</strong></span> <span class='ocrx_word' id='word_1_97' title='bbox 871 2279 909 2337; x_wconf 88' lang='lat' dir='ltr'><strong>ad</strong></span> <span class='ocrx_word' id='word_1_98' title='bbox 927 2299 1084 2339; x_wconf 91' lang='lat' dir='ltr'><strong>numerum</strong></span> <span class='ocrx_word' id='word_1_99' title='bbox 1098 2295 1127 2334; x_wconf 76' lang='grc' dir='ltr'><strong>ιο</strong></span> 
     </span>
     <span class='ocr_line' id='line_1_13' title="bbox 75 2361 1085 2446; baseline 0.001 -19"><span class='ocrx_word' id='word_1_100' title='bbox 75 2387 117 2442; x_wconf 71' lang='lat' dir='ltr'><strong>oq</strong></span> <span class='ocrx_word' id='word_1_101' title='bbox 141 2371 186 2426; x_wconf 89' lang='lat' dir='ltr'><strong>est</strong></span> <span class='ocrx_word' id='word_1_102' title='bbox 204 2369 281 2427; x_wconf 89' lang='lat' dir='ltr'><strong>sicut</strong></span> <span class='ocrx_word' id='word_1_103' title='bbox 298 2369 453 2444; x_wconf 87' lang='lat' dir='ltr'><strong>proportio</strong></span> <span class='ocrx_word' id='word_1_104' title='bbox 472 2367 613 2444; x_wconf 87' lang='lat' dir='ltr'><strong>quadrati</strong></span> <span class='ocrx_word' id='word_1_105' title='bbox 630 2368 665 2426; x_wconf 77' lang='lat' dir='ltr'><strong>tt</strong></span> <span class='ocrx_word' id='word_1_106' title='bbox 688 2368 726 2426; x_wconf 91' lang='lat' dir='ltr'><strong>ad</strong></span> <span class='ocrx_word' id='word_1_107' title='bbox 745 2361 927 2443; x_wconf 85' lang='lat' dir='ltr'><strong>quadratum</strong></span> <span class='ocrx_word' id='word_1_108' title='bbox 945 2369 990 2426; x_wconf 78' lang='lat' dir='ltr'><strong>tt:</strong></span> <span class='ocrx_word' id='word_1_109' title='bbox 1015 2388 1085 2446; x_wconf 83' lang='lat' dir='ltr'><strong>ergo</strong></span> 
     </span>
     <span class='ocr_line' id='line_1_14' title="bbox 74 2455 1084 2533; baseline 0.003 -19"><span class='ocrx_word' id='word_1_110' title='bbox 74 2457 228 2533; x_wconf 79' lang='lat' dir='ltr'><strong>proportio</strong></span> <span class='ocrx_word' id='word_1_111' title='bbox 256 2458 371 2516; x_wconf 90' lang='lat' dir='ltr'><strong>numeri</strong></span> <span class='ocrx_word' id='word_1_112' title='bbox 395 2459 436 2516; x_wconf 85' lang='lat' dir='ltr'><strong>ab</strong></span> <span class='ocrx_word' id='word_1_113' title='bbox 459 2457 498 2515; x_wconf 87' lang='lat' dir='ltr'><strong>ad</strong></span> <span class='ocrx_word' id='word_1_114' title='bbox 520 2476 677 2514; x_wconf 89' lang='lat' dir='ltr'><strong>numerum</strong></span> <span class='ocrx_word' id='word_1_115' title='bbox 700 2475 742 2529; x_wconf 76' lang='lat' dir='ltr'><strong>cp</strong></span> <span class='ocrx_word' id='word_1_116' title='bbox 765 2458 810 2513; x_wconf 87' lang='lat' dir='ltr'><strong>est</strong></span> <span class='ocrx_word' id='word_1_117' title='bbox 833 2455 909 2515; x_wconf 87' lang='lat' dir='ltr'><strong>sicut</strong></span> <span class='ocrx_word' id='word_1_118' title='bbox 931 2459 1084 2533; x_wconf 90' lang='lat' dir='ltr'><strong>proportio</strong></span> 
     </span>
     <span class='ocr_line' id='line_1_15' title="bbox 74 2544 1085 2622; baseline 0 -18"><span class='ocrx_word' id='word_1_119' title='bbox 74 2546 216 2622; x_wconf 87' lang='lat' dir='ltr'><strong>quadrati</strong></span> <span class='ocrx_word' id='word_1_120' title='bbox 241 2548 281 2605; x_wconf 81' lang='lat' dir='ltr'><strong>de</strong></span> <span class='ocrx_word' id='word_1_121' title='bbox 304 2546 342 2604; x_wconf 87' lang='lat' dir='ltr'><strong>ad</strong></span> <span class='ocrx_word' id='word_1_122' title='bbox 365 2546 545 2622; x_wconf 87' lang='lat' dir='ltr'><strong>quadratum</strong></span> <span class='ocrx_word' id='word_1_123' title='bbox 568 2547 615 2605; x_wconf 77' lang='lat' dir='ltr'><strong>dr.</strong></span> <span class='ocrx_word' id='word_1_124' title='bbox 663 2544 721 2603; x_wconf 83' lang='lat' dir='ltr'><strong>Sed</strong></span> <span class='ocrx_word' id='word_1_125' title='bbox 744 2545 784 2618; x_wconf 64' lang='grc' dir='ltr'><strong>ὁρ</strong></span> <span class='ocrx_word' id='word_1_126' title='bbox 807 2563 867 2602; x_wconf 91' lang='lat' dir='ltr'><strong>non</strong></span> <span class='ocrx_word' id='word_1_127' title='bbox 890 2548 935 2604; x_wconf 86' lang='lat' dir='ltr'><strong>est</strong></span> <span class='ocrx_word' id='word_1_128' title='bbox 957 2545 1085 2621; x_wconf 87' lang='lat' dir='ltr'><strong>quadra-</strong></span> 
     </span>
     <span class='ocr_line' id='line_1_16' title="bbox 73 2633 1084 2713; baseline 0.002 -20"><span class='ocrx_word' id='word_1_129' title='bbox 73 2639 132 2710; x_wconf 79' lang='lat' dir='ltr'><strong>tae,</strong></span> <span class='ocrx_word' id='word_1_130' title='bbox 155 2655 225 2713; x_wconf 85' lang='lat' dir='ltr'><strong>ergo</strong></span> <span class='ocrx_word' id='word_1_131' title='bbox 249 2636 403 2711; x_wconf 86' lang='lat' dir='ltr'><strong>proportio</strong></span> <span class='ocrx_word' id='word_1_132' title='bbox 427 2633 568 2711; x_wconf 88' lang='lat' dir='ltr'><strong>quadrati</strong></span> <span class='ocrx_word' id='word_1_133' title='bbox 590 2634 687 2694; x_wconf 82' lang='lat' dir='ltr'><strong>dead</strong></span> <span class='ocrx_word' id='word_1_134' title='bbox 710 2633 888 2709; x_wconf 87' lang='lat' dir='ltr'><strong>quadratum</strong></span> <span class='ocrx_word' id='word_1_135' title='bbox 909 2652 943 2694; x_wconf 75' lang='lat' dir='ltr'><strong>er</strong></span> <span class='ocrx_word' id='word_1_136' title='bbox 961 2654 1020 2693; x_wconf 90' lang='lat' dir='ltr'><strong>non</strong></span> <span class='ocrx_word' id='word_1_137' title='bbox 1039 2639 1084 2695; x_wconf 85' lang='lat' dir='ltr'><strong>est</strong></span> 
     </span>
     <span class='ocr_line' id='line_1_17' title="bbox 74 2722 1125 2800; baseline 0.002 -18"><span class='ocrx_word' id='word_1_138' title='bbox 74 2725 151 2783; x_wconf 86' lang='lat' dir='ltr'><strong>sicut</strong></span> <span class='ocrx_word' id='word_1_139' title='bbox 173 2725 327 2800; x_wconf 86' lang='lat' dir='ltr'><strong>proportio</strong></span> <span class='ocrx_word' id='word_1_140' title='bbox 351 2724 466 2782; x_wconf 89' lang='lat' dir='ltr'><strong>numeri</strong></span> <span class='ocrx_word' id='word_1_141' title='bbox 489 2722 630 2799; x_wconf 84' lang='lat' dir='ltr'><strong>quadrati</strong></span> <span class='ocrx_word' id='word_1_142' title='bbox 652 2723 690 2781; x_wconf 86' lang='lat' dir='ltr'><strong>ad</strong></span> <span class='ocrx_word' id='word_1_143' title='bbox 712 2742 870 2781; x_wconf 85' lang='lat' dir='ltr'><strong>numerum</strong></span> <span class='ocrx_word' id='word_1_144' title='bbox 893 2723 1085 2799; x_wconf 85' lang='lat' dir='ltr'><strong>quadratum:</strong></span> <span class='ocrx_word' id='word_1_145' title='bbox 1099 2736 1125 2777; x_wconf 84' lang='lat'><strong>15</strong></span> 
     </span>
     <span class='ocr_line' id='line_1_18' title="bbox 75 2803 1124 2891; baseline 0.003 -20"><span class='ocrx_word' id='word_1_146' title='bbox 75 2833 144 2891; x_wconf 84' lang='lat' dir='ltr'><strong>ergo</strong></span> <span class='ocrx_word' id='word_1_147' title='bbox 167 2814 247 2873; x_wconf 89' lang='lat' dir='ltr'><strong>linea</strong></span> <span class='ocrx_word' id='word_1_148' title='bbox 270 2816 310 2873; x_wconf 79' lang='lat' dir='ltr'><strong>de</strong></span> <span class='ocrx_word' id='word_1_149' title='bbox 333 2817 377 2872; x_wconf 87' lang='lat' dir='ltr'><strong>est</strong></span> <span class='ocrx_word' id='word_1_150' title='bbox 399 2813 651 2872; x_wconf 90' lang='lat' dir='ltr'><strong>incommunicans</strong></span> <span class='ocrx_word' id='word_1_151' title='bbox 677 2812 755 2870; x_wconf 89' lang='lat' dir='ltr'><strong>lince</strong></span> <span class='ocrx_word' id='word_1_152' title='bbox 777 2829 813 2872; x_wconf 74' lang='lat' dir='ltr'><strong>aa</strong></span> <span class='ocrx_word' id='word_1_153' title='bbox 835 2811 867 2868; x_wconf 93' lang='lat' dir='ltr'><strong>in</strong></span> <span class='ocrx_word' id='word_1_154' title='bbox 889 2812 1085 2889; x_wconf 84' lang='lat' dir='ltr'><strong>longitudine.</strong></span> <span class='ocrx_word' id='word_1_155' title='bbox 1122 2803 1124 2806; x_wconf 44' lang='grc'>’</span> 
     </span>
     <span class='ocr_line' id='line_1_19' title="bbox 75 2900 1086 2978; baseline 0.001 -18"><span class='ocrx_word' id='word_1_156' title='bbox 75 2902 134 2960; x_wconf 82' lang='lat' dir='ltr'><strong>Sed</strong></span> <span class='ocrx_word' id='word_1_157' title='bbox 157 2903 339 2978; x_wconf 86' lang='lat' dir='ltr'><strong>quadratum</strong></span> <span class='ocrx_word' id='word_1_158' title='bbox 361 2905 401 2962; x_wconf 82' lang='lat' dir='ltr'><strong>de</strong></span> <span class='ocrx_word' id='word_1_159' title='bbox 423 2905 469 2961; x_wconf 86' lang='lat' dir='ltr'><strong>est</strong></span> <span class='ocrx_word' id='word_1_160' title='bbox 491 2902 607 2977; x_wconf 89' lang='lat' dir='ltr'><strong>equalis</strong></span> <span class='ocrx_word' id='word_1_161' title='bbox 630 2901 743 2961; x_wconf 89' lang='lat' dir='ltr'><strong>duobus</strong></span> <span class='ocrx_word' id='word_1_162' title='bbox 767 2900 920 2976; x_wconf 85' lang='lat' dir='ltr'><strong>quadratis</strong></span> <span class='ocrx_word' id='word_1_163' title='bbox 939 2901 1086 2961; x_wconf 87' lang='lat' dir='ltr'><strong>linearum</strong></span> 
     </span>
    </p>
   </div>
   <div class='ocr_carea' id='block_1_5' title="bbox 73 2983 1126 3335">
    <p class='ocr_par' dir='ltr' id='par_1_5' title="bbox 73 2983 1126 3335">
     <span class='ocr_line' id='line_1_20' title="bbox 75 2983 1087 3069; baseline 0.001 -20"><span class='ocrx_word' id='word_1_164' title='bbox 75 2992 127 3066; x_wconf 72' lang='lat' dir='ltr'><strong>cla,</strong></span> <span class='ocrx_word' id='word_1_165' title='bbox 150 3010 198 3052; x_wconf 74' lang='lat' dir='ltr'><strong>ae:</strong></span> <span class='ocrx_word' id='word_1_166' title='bbox 223 3010 293 3069; x_wconf 85' lang='lat' dir='ltr'><strong>ergo</strong></span> <span class='ocrx_word' id='word_1_167' title='bbox 316 2983 360 3051; x_wconf 80' lang='lat' dir='ltr'><strong>da</strong></span> <span class='ocrx_word' id='word_1_168' title='bbox 377 2994 478 3068; x_wconf 87' lang='lat' dir='ltr'><strong>potest</strong></span> <span class='ocrx_word' id='word_1_169' title='bbox 501 3009 590 3067; x_wconf 91' lang='lat' dir='ltr'><strong>supra</strong></span> <span class='ocrx_word' id='word_1_170' title='bbox 612 2992 653 3050; x_wconf 75' lang='lat' dir='ltr'><strong>ad</strong></span> <span class='ocrx_word' id='word_1_171' title='bbox 676 3009 744 3048; x_wconf 92' lang='lat' dir='ltr'><strong>cum</strong></span> <span class='ocrx_word' id='word_1_172' title='bbox 767 2993 926 3067; x_wconf 81' lang='lat' dir='ltr'><strong>augmento</strong></span> <span class='ocrx_word' id='word_1_173' title='bbox 946 2991 1087 3066; x_wconf 87' lang='lat' dir='ltr'><strong>quadrati</strong></span> 
     </span>
     <span class='ocr_line' id='line_1_21' title="bbox 73 3079 1084 3158; baseline 0.003 -21"><span class='ocrx_word' id='word_1_174' title='bbox 73 3080 151 3139; x_wconf 90' lang='lat' dir='ltr'><strong>linee</strong></span> <span class='ocrx_word' id='word_1_175' title='bbox 174 3081 305 3140; x_wconf 84' lang='lat' dir='ltr'><strong>seiuncte</strong></span> <span class='ocrx_word' id='word_1_176' title='bbox 329 3081 386 3140; x_wconf 89' lang='lat' dir='ltr'><strong>sibi</strong></span> <span class='ocrx_word' id='word_1_177' title='bbox 407 3081 439 3138; x_wconf 92' lang='lat' dir='ltr'><strong>in</strong></span> <span class='ocrx_word' id='word_1_178' title='bbox 461 3079 656 3157; x_wconf 80' lang='lat' dir='ltr'><strong>longitudine,</strong></span> <span class='ocrx_word' id='word_1_179' title='bbox 680 3098 737 3154; x_wconf 91' lang='lat' dir='ltr'><strong>que</strong></span> <span class='ocrx_word' id='word_1_180' title='bbox 761 3080 806 3138; x_wconf 91' lang='lat' dir='ltr'><strong>est</strong></span> <span class='ocrx_word' id='word_1_181' title='bbox 825 3079 906 3137; x_wconf 88' lang='lat' dir='ltr'><strong>linea</strong></span> <span class='ocrx_word' id='word_1_182' title='bbox 925 3097 966 3140; x_wconf 72' lang='lat' dir='ltr'><strong>ea.</strong></span> <span class='ocrx_word' id='word_1_183' title='bbox 1003 3081 1084 3158; x_wconf 80' lang='lat' dir='ltr'><strong>Ergo</strong></span> 
     </span>
     <span class='ocr_line' id='line_1_22' title="bbox 75 3167 1126 3245; baseline 0.002 -19"><span class='ocrx_word' id='word_1_184' title='bbox 75 3168 133 3227; x_wconf 87' lang='lat' dir='ltr'><strong>due</strong></span> <span class='ocrx_word' id='word_1_185' title='bbox 160 3170 237 3228; x_wconf 90' lang='lat' dir='ltr'><strong>linee</strong></span> <span class='ocrx_word' id='word_1_186' title='bbox 260 3172 296 3229; x_wconf 77' lang='lat' dir='ltr'><strong>lat</strong></span> <span class='ocrx_word' id='word_1_187' title='bbox 317 3172 348 3228; x_wconf 88' lang='lat' dir='ltr'><strong>et</strong></span> <span class='ocrx_word' id='word_1_188' title='bbox 371 3170 404 3228; x_wconf 76' lang='lat' dir='ltr'><strong>tt</strong></span> <span class='ocrx_word' id='word_1_189' title='bbox 425 3169 457 3227; x_wconf 91' lang='lat' dir='ltr'><strong>in</strong></span> <span class='ocrx_word' id='word_1_190' title='bbox 479 3168 615 3245; x_wconf 85' lang='lat' dir='ltr'><strong>potentia</strong></span> <span class='ocrx_word' id='word_1_191' title='bbox 637 3171 756 3226; x_wconf 90' lang='lat' dir='ltr'><strong>tantum</strong></span> <span class='ocrx_word' id='word_1_192' title='bbox 779 3171 849 3226; x_wconf 90' lang='lat' dir='ltr'><strong>sunt</strong></span> <span class='ocrx_word' id='word_1_193' title='bbox 870 3167 1032 3228; x_wconf 86' lang='lat' dir='ltr'><strong>rationales</strong></span> <span class='ocrx_word' id='word_1_194' title='bbox 1055 3173 1086 3228; x_wconf 87' lang='lat' dir='ltr'><strong>et</strong></span> <span class='ocrx_word' id='word_1_195' title='bbox 1100 3181 1126 3220; x_wconf 76' lang='lat'><strong>2⁰</strong></span> 
     </span>
     <span class='ocr_line' id='line_1_23' title="bbox 76 3257 1086 3335; baseline 0.001 -20"><span class='ocrx_word' id='word_1_196' title='bbox 76 3259 335 3335; x_wconf 71' lang='lat' dir='ltr'><strong>communicantes⁷</strong></span> <span class='ocrx_word' id='word_1_197' title='bbox 359 3261 389 3317; x_wconf 87' lang='lat' dir='ltr'><strong>et</strong></span> <span class='ocrx_word' id='word_1_198' title='bbox 410 3259 490 3317; x_wconf 87' lang='lat' dir='ltr'><strong>linea</strong></span> <span class='ocrx_word' id='word_1_199' title='bbox 507 3259 543 3316; x_wconf 71' lang='lat' dir='ltr'><strong>let</strong></span> <span class='ocrx_word' id='word_1_200' title='bbox 559 3257 677 3334; x_wconf 82' lang='lat' dir='ltr'><strong>longior</strong></span> <span class='ocrx_word' id='word_1_201' title='bbox 694 3259 794 3333; x_wconf 89' lang='lat' dir='ltr'><strong>potest</strong></span> <span class='ocrx_word' id='word_1_202' title='bbox 812 3276 902 3333; x_wconf 91' lang='lat' dir='ltr'><strong>supra</strong></span> <span class='ocrx_word' id='word_1_203' title='bbox 920 3258 1086 3317; x_wconf 80' lang='lat' dir='ltr'><strong>breviorem</strong></span> 
     </span>
    </p>
   </div>
   <div class='ocr_carea' id='block_1_6' title="bbox 75 3444 1085 3586">
    <p class='ocr_par' dir='ltr' id='par_1_6' title="bbox 75 3444 1085 3586">
     <span class='ocr_line' id='line_1_24' title="bbox 147 3444 1085 3513; baseline 0 -16"><span class='ocrx_word' id='word_1_204' title='bbox 147 3451 171 3500; x_wconf 85' lang='lat'><strong>2.</strong></span> <span class='ocrx_word' id='word_1_205' title='bbox 192 3445 336 3500; x_wconf 86' lang='lat' dir='ltr'><strong>diversam.</strong></span> <span class='ocrx_word' id='word_1_206' title='bbox 365 3476 398 3486; x_wconf 90' lang='lat'><em>-</em></span> <span class='ocrx_word' id='word_1_207' title='bbox 422 3451 447 3502; x_wconf 85' lang='lat'><strong>4.</strong></span> <span class='ocrx_word' id='word_1_208' title='bbox 472 3444 688 3500; x_wconf 84' lang='lat' dir='ltr'><strong>comunicantes.</strong></span> <span class='ocrx_word' id='word_1_209' title='bbox 715 3461 750 3486; x_wconf 65' lang='lat'><strong>——</strong></span> <span class='ocrx_word' id='word_1_210' title='bbox 775 3451 815 3498; x_wconf 92' lang='lat'><strong>11.</strong></span> <span class='ocrx_word' id='word_1_211' title='bbox 841 3444 974 3513; x_wconf 86' lang='lat' dir='ltr'><strong>quadrati</strong></span> <span class='ocrx_word' id='word_1_212' title='bbox 992 3446 1030 3499; x_wconf 84' lang='lat' dir='ltr'><strong>de</strong></span> <span class='ocrx_word' id='word_1_213' title='bbox 1048 3444 1085 3498; x_wconf 87' lang='lat' dir='ltr'><strong>ad</strong></span> 
     </span>
     <span class='ocr_line' id='line_1_25' title="bbox 75 3515 708 3586; baseline 0.006 -18"><span class='ocrx_word' id='word_1_214' title='bbox 75 3515 245 3583; x_wconf 81' lang='lat' dir='ltr'><strong>quadratum</strong></span> <span class='ocrx_word' id='word_1_215' title='bbox 264 3519 310 3586; x_wconf 72' lang='lat' dir='ltr'><strong>da,</strong></span> <span class='ocrx_word' id='word_1_216' title='bbox 330 3533 404 3586; x_wconf 86' lang='lat' dir='ltr'><strong>ergo.</strong></span> <span class='ocrx_word' id='word_1_217' title='bbox 424 3548 458 3558; x_wconf 89' lang='lat'>—</span> <span class='ocrx_word' id='word_1_218' title='bbox 479 3522 519 3570; x_wconf 84' lang='lat'><strong>19.</strong></span> <span class='ocrx_word' id='word_1_219' title='bbox 539 3515 615 3570; x_wconf 89' lang='lat' dir='ltr'><strong>linea</strong></span> <span class='ocrx_word' id='word_1_220' title='bbox 633 3517 678 3571; x_wconf 77' lang='lat' dir='ltr'><strong>ad.</strong></span> <span class='ocrx_word' id='word_1_221' title='bbox 706 3568 708 3572; x_wconf 89' lang='lat'><em>.</em></span> 
     </span>
    </p>
   </div>
   <div class='ocr_carea' id='block_1_7' title="bbox 0 0 1208 3848">
    <p class='ocr_par' dir='ltr' id='par_1_7' title="bbox 0 0 1208 3848">
     <span class='ocr_line' id='line_1_26' title="bbox 0 0 1208 3848; baseline 0 0"><span class='ocrx_word' id='word_1_222' title='bbox 0 0 1208 3848; x_wconf 95' lang='lat' dir='ltr'><strong> </strong></span> 
     </span>
    </p>
   </div>
  </div>
 </body>
</html>
