<?xml version="1.0" encoding="UTF-8"?>
<!DOCTYPE html PUBLIC "-//W3C//DTD XHTML 1.0 Transitional//EN"
    "http://www.w3.org/TR/xhtml1/DTD/xhtml1-transitional.dtd">
<html xmlns="http://www.w3.org/1999/xhtml" xml:lang="en" lang="en">
 <head>
  <title>
</title>
<meta http-equiv="Content-Type" content="text/html;charset=utf-8" />
  <meta name='ocr-system' content='tesseract 3.04.00' />
  <meta name='ocr-capabilities' content='ocr_page ocr_carea ocr_par ocr_line ocrx_word'/>
</head>
<body>
  <div class='ocr_page' id='page_1' title='image "./euclidisoperaom18unkngoog/euclidisoperaom18unkngoog_0256.png"; bbox 0 0 2408 3848; ppageno 0'>
   <div class='ocr_carea' id='block_1_1' title="bbox 414 125 1102 191">
    <p class='ocr_par' dir='ltr' id='par_1_1' title="bbox 414 125 1102 191">
     <span class='ocr_line' id='line_1_1' title="bbox 414 125 1102 191; baseline 0.019 -13"><span class='ocrx_word' id='word_1_1' title='bbox 414 127 463 180; x_wconf 90' lang='lat' dir='ltr'>AD</span> <span class='ocrx_word' id='word_1_2' title='bbox 482 125 668 180; x_wconf 82' lang='lat' dir='ltr'>EUCLIDEM</span> <span class='ocrx_word' id='word_1_3' title='bbox 685 126 752 180; x_wconf 88' lang='lat' dir='ltr'>LIB.</span> <span class='ocrx_word' id='word_1_4' title='bbox 766 127 799 181; x_wconf 88' lang='lat' dir='ltr'>X.</span> <span class='ocrx_word' id='word_1_5' title='bbox 1038 127 1102 191; x_wconf 76' lang='grc'>219</span> 
     </span>
    </p>
   </div>
   <div class='ocr_carea' id='block_1_2' title="bbox 35 295 1142 3122">
    <p class='ocr_par' dir='ltr' id='par_1_2' title="bbox 35 295 1142 3122">
     <span class='ocr_line' id='line_1_2' title="bbox 95 295 1101 372; baseline 0.001 -20"><span class='ocrx_word' id='word_1_6' title='bbox 95 315 214 354; x_wconf 92' lang='lat' dir='ltr'>eorum</span> <span class='ocrx_word' id='word_1_7' title='bbox 247 296 350 352; x_wconf 91' lang='lat' dir='ltr'>erunt</span> <span class='ocrx_word' id='word_1_8' title='bbox 386 295 422 351; x_wconf 87' lang='lat' dir='ltr'>in</span> <span class='ocrx_word' id='word_1_9' title='bbox 453 295 684 372; x_wconf 76' lang='lat' dir='ltr'>longitudine</span> <span class='ocrx_word' id='word_1_10' title='bbox 716 295 752 352; x_wconf 91' lang='lat' dir='ltr'>in</span> <span class='ocrx_word' id='word_1_11' title='bbox 781 295 1016 370; x_wconf 75' lang='lat' dir='ltr'>proportione</span> <span class='ocrx_word' id='word_1_12' title='bbox 1049 297 1101 353; x_wconf 90' lang='lat' dir='ltr'>in-</span> 
     </span>
     <span class='ocr_line' id='line_1_3' title="bbox 94 375 433 463; baseline -0.009 -21"><span class='ocrx_word' id='word_1_13' title='bbox 94 375 433 463; x_wconf 69' lang='lat' dir='ltr'>communicantial)</span> 
     </span>
     <span class='ocr_line' id='line_1_4' title="bbox 183 471 1103 549; baseline 0.002 -19"><span class='ocrx_word' id='word_1_14' title='bbox 183 471 343 547; x_wconf 80' lang='lat' dir='ltr'>Quoniam,</span> <span class='ocrx_word' id='word_1_15' title='bbox 382 491 448 530; x_wconf 87' lang='lat' dir='ltr'>oum</span> <span class='ocrx_word' id='word_1_16' title='bbox 479 491 539 530; x_wconf 92' lang='lat' dir='ltr'>non</span> <span class='ocrx_word' id='word_1_17' title='bbox 571 472 737 531; x_wconf 82' lang='lat' dir='ltr'>invenitur</span> <span class='ocrx_word' id='word_1_18' title='bbox 756 493 897 533; x_wconf 89' lang='lat' dir='ltr'>numerus</span> <span class='ocrx_word' id='word_1_19' title='bbox 930 475 1103 549; x_wconf 77' lang='lat' dir='ltr'>quadratuS,</span> 
     </span>
     <span class='ocr_line' id='line_1_5' title="bbox 35 556 1102 638; baseline 0.002 -20"><span class='ocrx_word' id='word_1_20' title='bbox 35 573 74 619; x_wconf 84' lang='lat'>43</span> <span class='ocrx_word' id='word_1_21' title='bbox 94 562 179 620; x_wconf 88' lang='lat' dir='ltr'>ouius</span> <span class='ocrx_word' id='word_1_22' title='bbox 207 562 361 637; x_wconf 73' lang='lat' dir='ltr'>proportio</span> <span class='ocrx_word' id='word_1_23' title='bbox 386 556 390 638; x_wconf 79' lang='grc'>1</span> <span class='ocrx_word' id='word_1_24' title='bbox 416 562 455 620; x_wconf 89' lang='lat' dir='ltr'>sit</span> <span class='ocrx_word' id='word_1_25' title='bbox 482 558 521 618; x_wconf 91' lang='lat' dir='ltr'>ad</span> <span class='ocrx_word' id='word_1_26' title='bbox 548 575 702 619; x_wconf 90' lang='lat' dir='ltr'>numerum</span> <span class='ocrx_word' id='word_1_27' title='bbox 730 562 909 637; x_wconf 86' lang='lat' dir='ltr'>quadratum</span> <span class='ocrx_word' id='word_1_28' title='bbox 936 564 1013 622; x_wconf 83' lang='lat' dir='ltr'>sicut</span> <span class='ocrx_word' id='word_1_29' title='bbox 1035 581 1102 638; x_wconf 93' lang='lat' dir='ltr'>pro-</span> 
     </span>
     <span class='ocr_line' id='line_1_6' title="bbox 92 649 1142 726; baseline 0.006 -17"><span class='ocrx_word' id='word_1_30' title='bbox 92 652 190 726; x_wconf 87' lang='lat' dir='ltr'>portio</span> <span class='ocrx_word' id='word_1_31' title='bbox 215 651 354 726; x_wconf 88' lang='lat' dir='ltr'>quadrati</span> <span class='ocrx_word' id='word_1_32' title='bbox 375 650 452 707; x_wconf 83' lang='lat' dir='ltr'>linae</span> <span class='ocrx_word' id='word_1_33' title='bbox 476 649 545 707; x_wconf 86' lang='lat' dir='ltr'>date</span> <span class='ocrx_word' id='word_1_34' title='bbox 568 649 607 707; x_wconf 92' lang='lat' dir='ltr'>ad</span> <span class='ocrx_word' id='word_1_35' title='bbox 631 650 809 725; x_wconf 89' lang='lat' dir='ltr'>quadratum</span> <span class='ocrx_word' id='word_1_36' title='bbox 832 652 909 710; x_wconf 87' lang='lat' dir='ltr'>linea</span> <span class='ocrx_word' id='word_1_37' title='bbox 933 652 1015 726; x_wconf 87' lang='lat' dir='ltr'>date,</span> <span class='ocrx_word' id='word_1_38' title='bbox 1042 672 1101 711; x_wconf 89' lang='lat' dir='ltr'>non</span> <span class='ocrx_word' id='word_1_39' title='bbox 1124 661 1142 715; x_wconf 64' lang='grc' dir='ltr'><strong><em>β</em></strong></span> 
     </span>
     <span class='ocr_line' id='line_1_7' title="bbox 92 738 1101 815; baseline 0.002 -18"><span class='ocrx_word' id='word_1_40' title='bbox 92 740 150 798; x_wconf 89' lang='lat' dir='ltr'>erit</span> <span class='ocrx_word' id='word_1_41' title='bbox 180 743 253 797; x_wconf 88' lang='lat' dir='ltr'>tuno</span> <span class='ocrx_word' id='word_1_42' title='bbox 285 738 423 798; x_wconf 86' lang='lat' dir='ltr'>inventus</span> <span class='ocrx_word' id='word_1_43' title='bbox 456 738 564 814; x_wconf 90' lang='lat' dir='ltr'>aliquis</span> <span class='ocrx_word' id='word_1_44' title='bbox 597 757 632 796; x_wconf 85' lang='lat' dir='ltr'>ex</span> <span class='ocrx_word' id='word_1_45' title='bbox 661 741 790 798; x_wconf 87' lang='lat' dir='ltr'>numeris</span> <span class='ocrx_word' id='word_1_46' title='bbox 819 741 986 815; x_wconf 81' lang='lat' dir='ltr'>quadratis,</span> <span class='ocrx_word' id='word_1_47' title='bbox 1019 741 1101 800; x_wconf 83' lang='lat' dir='ltr'>ouius</span> 
     </span>
     <span class='ocr_line' id='line_1_8' title="bbox 91 826 1100 904; baseline 0.001 -19"><span class='ocrx_word' id='word_1_48' title='bbox 91 829 187 886; x_wconf 89' lang='lat' dir='ltr'>latera</span> <span class='ocrx_word' id='word_1_49' title='bbox 210 830 293 902; x_wconf 86' lang='lat' dir='ltr'>sunt,</span> <span class='ocrx_word' id='word_1_50' title='bbox 321 831 355 886; x_wconf 91' lang='lat' dir='ltr'>ut</span> <span class='ocrx_word' id='word_1_51' title='bbox 383 827 573 903; x_wconf 78' lang='lat' dir='ltr'>prediximua</span> <span class='ocrx_word' id='word_1_52' title='bbox 620 826 678 885; x_wconf 82' lang='lat' dir='ltr'>Sed</span> <span class='ocrx_word' id='word_1_53' title='bbox 697 829 855 904; x_wconf 83' lang='lat' dir='ltr'>proportio</span> <span class='ocrx_word' id='word_1_54' title='bbox 878 831 1006 888; x_wconf 90' lang='lat' dir='ltr'>laterum</span> <span class='ocrx_word' id='word_1_55' title='bbox 1029 849 1100 904; x_wconf 87' lang='lat' dir='ltr'>qua-</span> 
     </span>
     <span class='ocr_line' id='line_1_9' title="bbox 92 916 1101 994; baseline 0.002 -20"><span class='ocrx_word' id='word_1_56' title='bbox 92 917 245 974; x_wconf 91' lang='lat' dir='ltr'>dratarum</span> <span class='ocrx_word' id='word_1_57' title='bbox 269 916 472 992; x_wconf 82' lang='lat' dir='ltr'>quantitatum</span> <span class='ocrx_word' id='word_1_58' title='bbox 494 916 533 973; x_wconf 94' lang='lat' dir='ltr'>ad</span> <span class='ocrx_word' id='word_1_59' title='bbox 552 917 648 974; x_wconf 89' lang='lat' dir='ltr'>latera</span> <span class='ocrx_word' id='word_1_60' title='bbox 666 917 878 991; x_wconf 83' lang='lat' dir='ltr'>quadratorum</span> <span class='ocrx_word' id='word_1_61' title='bbox 897 919 1101 994; x_wconf 86' lang='lat' dir='ltr'>quantitatum</span> 
     </span>
     <span class='ocr_line' id='line_1_10' title="bbox 91 1005 1101 1080; baseline 0.002 -17"><span class='ocrx_word' id='word_1_62' title='bbox 91 1024 150 1063; x_wconf 89' lang='lat' dir='ltr'>non</span> <span class='ocrx_word' id='word_1_63' title='bbox 178 1008 223 1064; x_wconf 90' lang='lat' dir='ltr'>est</span> <span class='ocrx_word' id='word_1_64' title='bbox 252 1005 310 1064; x_wconf 89' lang='lat' dir='ltr'>nisi</span> <span class='ocrx_word' id='word_1_65' title='bbox 337 1007 413 1064; x_wconf 83' lang='lat' dir='ltr'>siout</span> <span class='ocrx_word' id='word_1_66' title='bbox 440 1005 593 1080; x_wconf 91' lang='lat' dir='ltr'>proportio</span> <span class='ocrx_word' id='word_1_67' title='bbox 620 1005 749 1063; x_wconf 86' lang='lat' dir='ltr'>laterum</span> <span class='ocrx_word' id='word_1_68' title='bbox 776 1025 974 1066; x_wconf 90' lang='lat' dir='ltr'>numerorum.</span> <span class='ocrx_word' id='word_1_69' title='bbox 1025 1006 1101 1075; x_wconf 82' lang='lat' dir='ltr'>Quia</span> 
     </span>
     <span class='ocr_line' id='line_1_11' title="bbox 91 1094 1140 1171; baseline 0.003 -20"><span class='ocrx_word' id='word_1_70' title='bbox 91 1095 184 1171; x_wconf 87' lang='lat' dir='ltr'>igitur</span> <span class='ocrx_word' id='word_1_71' title='bbox 206 1095 345 1169; x_wconf 90' lang='lat' dir='ltr'>quadrati</span> <span class='ocrx_word' id='word_1_72' title='bbox 370 1094 485 1151; x_wconf 88' lang='lat' dir='ltr'>numeri</span> <span class='ocrx_word' id='word_1_73' title='bbox 507 1113 567 1151; x_wconf 90' lang='lat' dir='ltr'>non</span> <span class='ocrx_word' id='word_1_74' title='bbox 590 1096 660 1151; x_wconf 91' lang='lat' dir='ltr'>sunt</span> <span class='ocrx_word' id='word_1_75' title='bbox 681 1094 805 1169; x_wconf 83' lang='lat' dir='ltr'>reperti,</span> <span class='ocrx_word' id='word_1_76' title='bbox 830 1115 890 1154; x_wconf 92' lang='lat' dir='ltr'>non</span> <span class='ocrx_word' id='word_1_77' title='bbox 913 1099 982 1153; x_wconf 89' lang='lat' dir='ltr'>sunt</span> <span class='ocrx_word' id='word_1_78' title='bbox 1004 1096 1101 1154; x_wconf 86' lang='lat' dir='ltr'>latera</span> <span class='ocrx_word' id='word_1_79' title='bbox 1114 1108 1140 1148; x_wconf 88' lang='lat'>1⁰</span> 
     </span>
     <span class='ocr_line' id='line_1_12' title="bbox 91 1182 1100 1260; baseline 0.003 -20"><span class='ocrx_word' id='word_1_80' title='bbox 91 1202 193 1240; x_wconf 90' lang='lat' dir='ltr'>eorum</span> <span class='ocrx_word' id='word_1_81' title='bbox 214 1185 345 1258; x_wconf 77' lang='lat' dir='ltr'>reperta3</span> <span class='ocrx_word' id='word_1_82' title='bbox 374 1183 425 1240; x_wconf 85' lang='lat' dir='ltr'>sed</span> <span class='ocrx_word' id='word_1_83' title='bbox 447 1182 545 1240; x_wconf 88' lang='lat' dir='ltr'>latera</span> <span class='ocrx_word' id='word_1_84' title='bbox 568 1182 781 1257; x_wconf 79' lang='lat' dir='ltr'>quadratorum</span> <span class='ocrx_word' id='word_1_85' title='bbox 805 1184 1008 1260; x_wconf 87' lang='lat' dir='ltr'>quantitatum</span> <span class='ocrx_word' id='word_1_86' title='bbox 1031 1187 1100 1243; x_wconf 91' lang='lat' dir='ltr'>sunt</span> 
     </span>
     <span class='ocr_line' id='line_1_13' title="bbox 91 1269 1100 1349; baseline 0.002 -21"><span class='ocrx_word' id='word_1_87' title='bbox 91 1272 225 1345; x_wconf 83' lang='lat' dir='ltr'>inventa3</span> <span class='ocrx_word' id='word_1_88' title='bbox 250 1290 319 1348; x_wconf 85' lang='lat' dir='ltr'>ergo</span> <span class='ocrx_word' id='word_1_89' title='bbox 342 1271 495 1347; x_wconf 88' lang='lat' dir='ltr'>proportio</span> <span class='ocrx_word' id='word_1_90' title='bbox 515 1290 617 1330; x_wconf 87' lang='lat' dir='ltr'>earum</span> <span class='ocrx_word' id='word_1_91' title='bbox 636 1271 675 1328; x_wconf 92' lang='lat' dir='ltr'>ad</span> <span class='ocrx_word' id='word_1_92' title='bbox 692 1271 819 1330; x_wconf 80' lang='lat' dir='ltr'>invicem</span> <span class='ocrx_word' id='word_1_93' title='bbox 838 1269 941 1349; x_wconf 81' lang='lat' dir='ltr'>&lt;non&gt;</span> <span class='ocrx_word' id='word_1_94' title='bbox 960 1276 1005 1332; x_wconf 89' lang='lat' dir='ltr'>est</span> <span class='ocrx_word' id='word_1_95' title='bbox 1024 1273 1100 1331; x_wconf 87' lang='lat' dir='ltr'>siout</span> 
     </span>
     <span class='ocr_line' id='line_1_14' title="bbox 90 1360 629 1436; baseline -0.002 -18"><span class='ocrx_word' id='word_1_96' title='bbox 90 1361 244 1436; x_wconf 89' lang='lat' dir='ltr'>proportio</span> <span class='ocrx_word' id='word_1_97' title='bbox 268 1361 383 1418; x_wconf 89' lang='lat' dir='ltr'>numeri</span> <span class='ocrx_word' id='word_1_98' title='bbox 406 1360 445 1418; x_wconf 90' lang='lat' dir='ltr'>ad</span> <span class='ocrx_word' id='word_1_99' title='bbox 467 1379 629 1418; x_wconf 86' lang='lat' dir='ltr'>numerum.</span> 
     </span>
     <span class='ocr_line' id='line_1_15' title="bbox 181 1448 1099 1523; baseline 0.001 -16"><span class='ocrx_word' id='word_1_100' title='bbox 181 1448 348 1509; x_wconf 80' lang='lat' dir='ltr'>Secundum</span> <span class='ocrx_word' id='word_1_101' title='bbox 371 1449 504 1508; x_wconf 85' lang='lat' dir='ltr'>ordinem</span> <span class='ocrx_word' id='word_1_102' title='bbox 526 1468 596 1508; x_wconf 89' lang='lat' dir='ltr'>vero</span> <span class='ocrx_word' id='word_1_103' title='bbox 617 1448 802 1523; x_wconf 89' lang='lat' dir='ltr'>probationis</span> <span class='ocrx_word' id='word_1_104' title='bbox 821 1449 972 1508; x_wconf 80' lang='lat' dir='ltr'>Euonmrs</span> <span class='ocrx_word' id='word_1_105' title='bbox 996 1469 1015 1508; x_wconf 84' lang='lat' dir='ltr'>a</span> <span class='ocrx_word' id='word_1_106' title='bbox 1034 1452 1064 1507; x_wconf 87' lang='lat' dir='ltr'>et</span> <span class='ocrx_word' id='word_1_107' title='bbox 1082 1452 1099 1508; x_wconf 83' lang='lat' dir='ltr'><strong><em>b</em></strong></span> 
     </span>
     <span class='ocr_line' id='line_1_16' title="bbox 89 1537 1138 1615; baseline -0.001 -19"><span class='ocrx_word' id='word_1_108' title='bbox 89 1540 161 1596; x_wconf 84' lang='lat' dir='ltr'>sunt</span> <span class='ocrx_word' id='word_1_109' title='bbox 192 1538 474 1597; x_wconf 82' lang='lat' dir='ltr'>incommunioantes</span> <span class='ocrx_word' id='word_1_110' title='bbox 501 1539 533 1596; x_wconf 93' lang='lat' dir='ltr'>in</span> <span class='ocrx_word' id='word_1_111' title='bbox 558 1537 758 1614; x_wconf 86' lang='lat' dir='ltr'>longitudine:</span> <span class='ocrx_word' id='word_1_112' title='bbox 790 1537 855 1597; x_wconf 88' lang='lat' dir='ltr'>dieo</span> <span class='ocrx_word' id='word_1_113' title='bbox 882 1538 987 1615; x_wconf 83' lang='lat' dir='ltr'>igitur,</span> <span class='ocrx_word' id='word_1_114' title='bbox 1021 1539 1099 1613; x_wconf 93' lang='lat' dir='ltr'>quod</span> <span class='ocrx_word' id='word_1_115' title='bbox 1113 1547 1138 1590; x_wconf 77' lang='lat'>15</span> 
     </span>
     <span class='ocr_line' id='line_1_17' title="bbox 616 1626 1098 1702; baseline 0.002 -18"><span class='ocrx_word' id='word_1_116' title='bbox 616 1626 768 1702; x_wconf 88' lang='lat' dir='ltr'>proportio</span> <span class='ocrx_word' id='word_1_117' title='bbox 783 1627 921 1702; x_wconf 89' lang='lat' dir='ltr'>quadrati</span> <span class='ocrx_word' id='word_1_118' title='bbox 936 1646 955 1685; x_wconf 87' lang='lat' dir='ltr'>a</span> <span class='ocrx_word' id='word_1_119' title='bbox 974 1627 1012 1684; x_wconf 94' lang='lat' dir='ltr'>ad</span> <span class='ocrx_word' id='word_1_120' title='bbox 1027 1646 1098 1702; x_wconf 92' lang='lat' dir='ltr'>qua-</span> 
     </span>
     <span class='ocr_line' id='line_1_18' title="bbox 231 1706 1098 1815; baseline 0.003 -44"><span class='ocrx_word' id='word_1_121' title='bbox 231 1710 397 1778; x_wconf 66' lang='lat' dir='ltr'>qwadratum</span> <span class='ocrx_word' id='word_1_122' title='bbox 416 1727 434 1762; x_wconf 78' lang='lat' dir='ltr'>a</span> <span class='ocrx_word' id='word_1_123' title='bbox 571 1778 575 1815; x_wconf 59' lang='grc' dir='ltr'>Ι</span> <span class='ocrx_word' id='word_1_124' title='bbox 598 1706 765 1774; x_wconf 50' lang='lat' dir='ltr'>¹dratnmb</span> <span class='ocrx_word' id='word_1_125' title='bbox 788 1735 848 1774; x_wconf 89' lang='lat' dir='ltr'>non</span> <span class='ocrx_word' id='word_1_126' title='bbox 867 1719 912 1774; x_wconf 90' lang='lat' dir='ltr'>est</span> <span class='ocrx_word' id='word_1_127' title='bbox 931 1717 1009 1775; x_wconf 87' lang='lat' dir='ltr'>siout</span> <span class='ocrx_word' id='word_1_128' title='bbox 1031 1735 1098 1792; x_wconf 90' lang='lat' dir='ltr'>pro-</span> 
     </span>
     <span class='ocr_line' id='line_1_19' title="bbox 615 1804 1098 1880; baseline 0 -18"><span class='ocrx_word' id='word_1_129' title='bbox 615 1805 713 1880; x_wconf 87' lang='lat' dir='ltr'>portio</span> <span class='ocrx_word' id='word_1_130' title='bbox 741 1805 855 1863; x_wconf 89' lang='lat' dir='ltr'>numeri</span> <span class='ocrx_word' id='word_1_131' title='bbox 889 1804 1027 1880; x_wconf 91' lang='lat' dir='ltr'>quadrati</span> <span class='ocrx_word' id='word_1_132' title='bbox 1060 1805 1098 1863; x_wconf 91' lang='lat' dir='ltr'>ad</span> 
     </span>
     <span class='ocr_line' id='line_1_20' title="bbox 433 1893 1098 1993; baseline 0.005 -44"><span class='ocrx_word' id='word_1_133' title='bbox 433 1905 451 1940; x_wconf 78' lang='lat' dir='ltr'>a</span> <span class='ocrx_word' id='word_1_134' title='bbox 571 1957 573 1993; x_wconf 65' lang='grc' dir='ltr'>Ι</span> <span class='ocrx_word' id='word_1_135' title='bbox 615 1913 772 1952; x_wconf 89' lang='lat' dir='ltr'>numerum</span> <span class='ocrx_word' id='word_1_136' title='bbox 802 1893 989 1970; x_wconf 89' lang='lat' dir='ltr'>quadratum.</span> <span class='ocrx_word' id='word_1_137' title='bbox 1040 1893 1098 1953; x_wconf 81' lang='lat' dir='ltr'>Sed</span> 
     </span>
     <span class='ocr_line' id='line_1_21' title="bbox 615 1983 1138 2058; baseline 0.002 -18"><span class='ocrx_word' id='word_1_138' title='bbox 615 2001 683 2040; x_wconf 85' lang='lat' dir='ltr'>oum</span> <span class='ocrx_word' id='word_1_139' title='bbox 705 1983 858 2058; x_wconf 89' lang='lat' dir='ltr'>proportio</span> <span class='ocrx_word' id='word_1_140' title='bbox 885 1983 1012 2058; x_wconf 86' lang='lat' dir='ltr'>quadrat</span> <span class='ocrx_word' id='word_1_141' title='bbox 1013 2003 1098 2042; x_wconf 91' lang='lat' dir='ltr'>arum</span> <span class='ocrx_word' id='word_1_142' title='bbox 1111 1996 1138 2036; x_wconf 79' lang='lat'>20</span> 
     </span>
     <span class='ocr_line' id='line_1_22' title="bbox 436 2065 1098 2170; baseline 0.003 -43"><span class='ocrx_word' id='word_1_143' title='bbox 436 2065 451 2117; x_wconf 76' lang='lat' dir='ltr'><strong><em>b</em></strong></span> <span class='ocrx_word' id='word_1_144' title='bbox 572 2071 1098 2170; x_wconf 85' lang='lat' dir='ltr'>quantitatumadinvioemfuerit</span> 
     </span>
     <span class='ocr_line' id='line_1_23' title="bbox 572 2133 1097 2235; baseline 0.004 -19.188"><span class='ocrx_word' id='word_1_145' title='bbox 572 2133 695 2217; x_wconf 85' lang='lat' dir='ltr'>siout</span> <span class='ocrx_word' id='word_1_146' title='bbox 714 2160 868 2234; x_wconf 89' lang='lat' dir='ltr'>proportio</span> <span class='ocrx_word' id='word_1_147' title='bbox 887 2161 1002 2218; x_wconf 91' lang='lat' dir='ltr'>numeri</span> <span class='ocrx_word' id='word_1_148' title='bbox 1026 2180 1097 2235; x_wconf 90' lang='lat' dir='ltr'>qua·</span> 
     </span>
     <span class='ocr_line' id='line_1_24' title="bbox 300 2239 1097 2326; baseline 0 -20"><span class='ocrx_word' id='word_1_149' title='bbox 300 2239 419 2306; x_wconf 62' lang='lat' dir='ltr'>quadra</span> <span class='ocrx_word' id='word_1_150' title='bbox 408 2241 499 2293; x_wconf 57' lang='lat' dir='ltr'>amb</span> <span class='ocrx_word' id='word_1_151' title='bbox 616 2247 695 2304; x_wconf 87' lang='lat' dir='ltr'>dreti</span> <span class='ocrx_word' id='word_1_152' title='bbox 722 2248 760 2305; x_wconf 92' lang='lat' dir='ltr'>ad</span> <span class='ocrx_word' id='word_1_153' title='bbox 787 2267 943 2306; x_wconf 89' lang='lat' dir='ltr'>numerum</span> <span class='ocrx_word' id='word_1_154' title='bbox 971 2249 1097 2326; x_wconf 90' lang='lat' dir='ltr'>quadra-</span> 
     </span>
     <span class='ocr_line' id='line_1_25' title="bbox 615 2336 1098 2412; baseline 0.006 -20"><span class='ocrx_word' id='word_1_155' title='bbox 615 2338 692 2409; x_wconf 85' lang='lat' dir='ltr'>tum,</span> <span class='ocrx_word' id='word_1_156' title='bbox 729 2338 800 2393; x_wconf 87' lang='lat' dir='ltr'>tuno</span> <span class='ocrx_word' id='word_1_157' title='bbox 836 2336 974 2394; x_wconf 88' lang='lat' dir='ltr'>latera</span> <span class='ocrx_word' id='word_1_158' title='bbox 965 2356 1098 2412; x_wconf 80' lang='lat' dir='ltr'>ipsorum</span> 
     </span>
     <span class='ocr_line' id='line_1_26' title="bbox 89 2380 1137 2500; baseline 0.004 -22"><span class='ocrx_word' id='word_1_159' title='bbox 89 2422 213 2479; x_wconf 85' lang='lat' dir='ltr'>erunt</span> <span class='ocrx_word' id='word_1_160' title='bbox 205 2443 236 2479; x_wconf 91' lang='lat' dir='ltr'>m</span> <span class='ocrx_word' id='word_1_161' title='bbox 264 2423 448 2500; x_wconf 84' lang='lat' dir='ltr'>longitudine</span> <span class='ocrx_word' id='word_1_162' title='bbox 476 2380 737 2495; x_wconf 80' lang='lat' dir='ltr'>communicantia,</span> <span class='ocrx_word' id='word_1_163' title='bbox 765 2424 843 2482; x_wconf 87' lang='lat' dir='ltr'>siout</span> <span class='ocrx_word' id='word_1_164' title='bbox 871 2427 1021 2484; x_wconf 88' lang='lat' dir='ltr'>ostensum</span> <span class='ocrx_word' id='word_1_165' title='bbox 1053 2428 1098 2484; x_wconf 87' lang='lat' dir='ltr'>est</span> <span class='ocrx_word' id='word_1_166' title='bbox 1111 2435 1137 2477; x_wconf 77' lang='lat'>25</span> 
     </span>
     <span class='ocr_line' id='line_1_27' title="bbox 89 2511 1096 2589; baseline 0.005 -22"><span class='ocrx_word' id='word_1_167' title='bbox 89 2511 120 2567; x_wconf 90' lang='lat' dir='ltr'>in</span> <span class='ocrx_word' id='word_1_168' title='bbox 149 2511 277 2570; x_wconf 82' lang='lat' dir='ltr'>secunda</span> <span class='ocrx_word' id='word_1_169' title='bbox 305 2513 511 2572; x_wconf 87' lang='lat' dir='ltr'>numeratione</span> <span class='ocrx_word' id='word_1_170' title='bbox 538 2513 625 2572; x_wconf 90' lang='lat' dir='ltr'>huius</span> <span class='ocrx_word' id='word_1_171' title='bbox 648 2512 755 2589; x_wconf 76' lang='lat' dir='ltr'>figur03</span> <span class='ocrx_word' id='word_1_172' title='bbox 784 2513 835 2570; x_wconf 89' lang='lat' dir='ltr'>sed</span> <span class='ocrx_word' id='word_1_173' title='bbox 857 2513 967 2587; x_wconf 83' lang='lat' dir='ltr'>latera,</span> <span class='ocrx_word' id='word_1_174' title='bbox 995 2533 1096 2572; x_wconf 86' lang='lat' dir='ltr'>seeun-</span> 
     </span>
     <span class='ocr_line' id='line_1_28' title="bbox 86 2600 1134 2679; baseline 0.004 -22"><span class='ocrx_word' id='word_1_175' title='bbox 86 2600 160 2658; x_wconf 94' lang='lat' dir='ltr'>dum</span> <span class='ocrx_word' id='word_1_176' title='bbox 188 2601 267 2676; x_wconf 92' lang='lat' dir='ltr'>quod</span> <span class='ocrx_word' id='word_1_177' title='bbox 294 2601 425 2677; x_wconf 88' lang='lat' dir='ltr'>positum</span> <span class='ocrx_word' id='word_1_178' title='bbox 453 2605 510 2677; x_wconf 84' lang='lat' dir='ltr'>est,</span> <span class='ocrx_word' id='word_1_179' title='bbox 543 2604 612 2660; x_wconf 86' lang='lat' dir='ltr'>sunt</span> <span class='ocrx_word' id='word_1_180' title='bbox 639 2601 920 2660; x_wconf 78' lang='lat' dir='ltr'>incommunioantia</span> <span class='ocrx_word' id='word_1_181' title='bbox 946 2602 978 2659; x_wconf 88' lang='lat' dir='ltr'>in</span> <span class='ocrx_word' id='word_1_182' title='bbox 1001 2603 1096 2679; x_wconf 87' lang='lat' dir='ltr'>longi·</span> <span class='ocrx_word' id='word_1_183' title='bbox 1132 2674 1134 2678; x_wconf 8' lang='grc' dir='ltr'>ἱ</span> 
     </span>
     <span class='ocr_line' id='line_1_29' title="bbox 88 2689 1096 2768; baseline 0.004 -22"><span class='ocrx_word' id='word_1_184' title='bbox 88 2689 203 2747; x_wconf 88' lang='lat' dir='ltr'>tudine:</span> <span class='ocrx_word' id='word_1_185' title='bbox 236 2693 323 2748; x_wconf 86' lang='lat' dir='ltr'>erunt</span> <span class='ocrx_word' id='word_1_186' title='bbox 349 2690 443 2768; x_wconf 86' lang='lat' dir='ltr'>igitur</span> <span class='ocrx_word' id='word_1_187' title='bbox 469 2691 546 2750; x_wconf 83' lang='lat' dir='ltr'>linae</span> <span class='ocrx_word' id='word_1_188' title='bbox 575 2690 824 2749; x_wconf 81' lang='lat' dir='ltr'>communicantes</span> <span class='ocrx_word' id='word_1_189' title='bbox 850 2690 883 2747; x_wconf 89' lang='lat' dir='ltr'>in</span> <span class='ocrx_word' id='word_1_190' title='bbox 910 2690 1096 2768; x_wconf 84' lang='lat' dir='ltr'>longitudine</span> 
     </span>
     <span class='ocr_line' id='line_1_30' title="bbox 88 2775 1096 2858; baseline 0.004 -24"><span class='ocrx_word' id='word_1_191' title='bbox 88 2779 119 2835; x_wconf 91' lang='lat' dir='ltr'>et</span> <span class='ocrx_word' id='word_1_192' title='bbox 154 2778 435 2839; x_wconf 82' lang='lat' dir='ltr'>incommunioantes</span> <span class='ocrx_word' id='word_1_193' title='bbox 470 2780 571 2854; x_wconf 87' lang='lat' dir='ltr'>simul,</span> <span class='ocrx_word' id='word_1_194' title='bbox 608 2779 688 2856; x_wconf 90' lang='lat' dir='ltr'>quod</span> <span class='ocrx_word' id='word_1_195' title='bbox 724 2778 906 2837; x_wconf 82' lang='lat' dir='ltr'>contrarium</span> <span class='ocrx_word' id='word_1_196' title='bbox 943 2783 988 2838; x_wconf 88' lang='lat' dir='ltr'>est</span> <span class='ocrx_word' id='word_1_197' title='bbox 1024 2775 1096 2858; x_wconf 81' lang='lat' dir='ltr'>&lt;et&gt;</span> 
     </span>
     <span class='ocr_line' id='line_1_31' title="bbox 87 2866 1136 2946; baseline 0.004 -22"><span class='ocrx_word' id='word_1_198' title='bbox 87 2866 278 2942; x_wconf 87' lang='lat' dir='ltr'>impossibile.</span> <span class='ocrx_word' id='word_1_199' title='bbox 346 2869 414 2928; x_wconf 90' lang='lat' dir='ltr'>Non</span> <span class='ocrx_word' id='word_1_200' title='bbox 451 2871 496 2928; x_wconf 89' lang='lat' dir='ltr'>est</span> <span class='ocrx_word' id='word_1_201' title='bbox 532 2888 602 2946; x_wconf 85' lang='lat' dir='ltr'>ergo</span> <span class='ocrx_word' id='word_1_202' title='bbox 638 2867 791 2945; x_wconf 91' lang='lat' dir='ltr'>proportio</span> <span class='ocrx_word' id='word_1_203' title='bbox 826 2868 965 2944; x_wconf 87' lang='lat' dir='ltr'>quadrati</span> <span class='ocrx_word' id='word_1_204' title='bbox 1002 2888 1021 2928; x_wconf 82' lang='lat' dir='ltr'>a</span> <span class='ocrx_word' id='word_1_205' title='bbox 1057 2869 1096 2927; x_wconf 89' lang='lat' dir='ltr'>ad</span> <span class='ocrx_word' id='word_1_206' title='bbox 1110 2880 1136 2920; x_wconf 76' lang='lat'>³⁰</span> 
     </span>
     <span class='ocr_line' id='line_1_32' title="bbox 89 2956 1096 3035; baseline 0.003 -22"><span class='ocrx_word' id='word_1_207' title='bbox 89 2956 266 3029; x_wconf 86' lang='lat' dir='ltr'>quadratum</span> <span class='ocrx_word' id='word_1_208' title='bbox 285 2959 302 3016; x_wconf 87' lang='lat' dir='ltr'><strong><em>b</em></strong></span> <span class='ocrx_word' id='word_1_209' title='bbox 325 2958 402 3017; x_wconf 84' lang='lat' dir='ltr'>siout</span> <span class='ocrx_word' id='word_1_210' title='bbox 419 2958 572 3035; x_wconf 91' lang='lat' dir='ltr'>proportio</span> <span class='ocrx_word' id='word_1_211' title='bbox 591 2957 705 3015; x_wconf 90' lang='lat' dir='ltr'>numeri</span> <span class='ocrx_word' id='word_1_212' title='bbox 723 2957 864 3033; x_wconf 88' lang='lat' dir='ltr'>quadrati</span> <span class='ocrx_word' id='word_1_213' title='bbox 883 2957 1096 3016; x_wconf 88' lang='lat' dir='ltr'>adnumerum</span> 
     </span>
     <span class='ocr_line' id='line_1_33' title="bbox 88 3044 1008 3122; baseline 0.002 -20"><span class='ocrx_word' id='word_1_214' title='bbox 88 3044 280 3119; x_wconf 80' lang='lat' dir='ltr'>quadratum3</span> <span class='ocrx_word' id='word_1_215' title='bbox 305 3050 335 3105; x_wconf 86' lang='lat' dir='ltr'>et</span> <span class='ocrx_word' id='word_1_216' title='bbox 357 3047 432 3105; x_wconf 92' lang='lat' dir='ltr'>illud</span> <span class='ocrx_word' id='word_1_217' title='bbox 451 3050 504 3122; x_wconf 89' lang='lat' dir='ltr'>est,</span> <span class='ocrx_word' id='word_1_218' title='bbox 528 3046 606 3122; x_wconf 86' lang='lat' dir='ltr'>quod</span> <span class='ocrx_word' id='word_1_219' title='bbox 629 3047 830 3106; x_wconf 88' lang='lat' dir='ltr'>demonstrare</span> <span class='ocrx_word' id='word_1_220' title='bbox 853 3047 1008 3106; x_wconf 86' lang='lat' dir='ltr'>voluimus.</span> 
     </span>
    </p>
   </div>
   <div class='ocr_carea' id='block_1_3' title="bbox 87 3232 1094 3368">
    <p class='ocr_par' dir='ltr' id='par_1_3' title="bbox 87 3232 1094 3368">
     <span class='ocr_line' id='line_1_34' title="bbox 129 3232 1094 3312; baseline 0.002 -27"><span class='ocrx_word' id='word_1_221' title='bbox 129 3302 134 3312; x_wconf 27' lang='grc' dir='ltr'>ι</span> <span class='ocrx_word' id='word_1_222' title='bbox 160 3239 182 3286; x_wconf 91' lang='grc'>1.</span> <span class='ocrx_word' id='word_1_223' title='bbox 202 3232 232 3286; x_wconf 88' lang='lat' dir='ltr'>in</span> <span class='ocrx_word' id='word_1_224' title='bbox 250 3233 442 3306; x_wconf 80' lang='lat' dir='ltr'>proportione]</span> <span class='ocrx_word' id='word_1_225' title='bbox 461 3232 604 3303; x_wconf 84' lang='lat' dir='ltr'>inpositio.</span> <span class='ocrx_word' id='word_1_226' title='bbox 628 3265 663 3273; x_wconf 86' lang='lat'>—</span> <span class='ocrx_word' id='word_1_227' title='bbox 688 3239 730 3288; x_wconf 89' lang='lat'>10.</span> <span class='ocrx_word' id='word_1_228' title='bbox 748 3235 866 3302; x_wconf 86' lang='lat' dir='ltr'>reperta.</span> <span class='ocrx_word' id='word_1_229' title='bbox 887 3266 921 3274; x_wconf 94' lang='lat'><strong>—</strong></span> <span class='ocrx_word' id='word_1_230' title='bbox 945 3241 987 3288; x_wconf 80' lang='lat'>29.</span> <span class='ocrx_word' id='word_1_231' title='bbox 1007 3234 1094 3305; x_wconf 92' lang='lat' dir='ltr'>quod]</span> 
     </span>
     <span class='ocr_line' id='line_1_35' title="bbox 87 3319 162 3368; baseline 0.04 -14"><span class='ocrx_word' id='word_1_232' title='bbox 87 3319 162 3368; x_wconf 82' lang='lat' dir='ltr'>quia.</span> 
     </span>
    </p>
   </div>
   <div class='ocr_carea' id='block_1_4' title="bbox 160 3498 1101 3570">
    <p class='ocr_par' dir='ltr' id='par_1_4' title="bbox 160 3498 1101 3570">
     <span class='ocr_line' id='line_1_36' title="bbox 160 3498 1101 3570; baseline -0.005 -16"><span class='ocrx_word' id='word_1_233' title='bbox 160 3501 185 3570; x_wconf 90' lang='lat'>1)</span> <span class='ocrx_word' id='word_1_234' title='bbox 204 3498 258 3554; x_wconf 77' lang='lat' dir='ltr'>cfr.</span> <span class='ocrx_word' id='word_1_235' title='bbox 273 3502 400 3555; x_wconf 71' lang='lat' dir='ltr'>notam‘a</span> <span class='ocrx_word' id='word_1_236' title='bbox 418 3519 445 3570; x_wconf 89' lang='lat' dir='ltr'>p.</span> <span class='ocrx_word' id='word_1_237' title='bbox 461 3506 512 3554; x_wconf 76' lang='lat'>217</span> <span class='ocrx_word' id='word_1_238' title='bbox 531 3499 597 3554; x_wconf 87' lang='lat' dir='ltr'>inde</span> <span class='ocrx_word' id='word_1_239' title='bbox 617 3517 634 3554; x_wconf 91' lang='lat' dir='ltr'>a</span> <span class='ocrx_word' id='word_1_240' title='bbox 652 3499 742 3554; x_wconf 85' lang='lat' dir='ltr'>verbis</span> <span class='ocrx_word' id='word_1_241' title='bbox 760 3500 860 3570; x_wconf 72' lang='lat' dir='ltr'>„Quod</span> <span class='ocrx_word' id='word_1_242' title='bbox 877 3501 902 3553; x_wconf 79' lang='lat' dir='ltr'>si</span> <span class='ocrx_word' id='word_1_243' title='bbox 921 3501 1023 3566; x_wconf 54' lang='lat' dir='ltr'>(aerim</span> <span class='ocrx_word' id='word_1_244' title='bbox 1041 3501 1101 3550; x_wconf 69' lang='lat' dir='ltr'>eto.</span> 
     </span>
    </p>
   </div>
   <div class='ocr_carea' id='block_1_5' title="bbox 0 0 1208 3848">
    <p class='ocr_par' dir='ltr' id='par_1_5' title="bbox 0 0 1208 3848">
     <span class='ocr_line' id='line_1_37' title="bbox 0 0 1208 3848; baseline 0 1"><span class='ocrx_word' id='word_1_245' title='bbox 0 0 1208 3848; x_wconf 95' lang='lat' dir='ltr'> </span> 
     </span>
    </p>
   </div>
  </div>
 </body>
</html>
