2408 3848
103 145 168 211 188
393 144 560 201 ΑΝΑΒΙΤΠ
578 145 834 202 COMMENTARII

102 319 148 375 θεὴ
171 315 323 392 octoginta
346 317 376 374 θὴ
398 333 435 374 rs
457 315 574 392 viginti,
597 318 628 375 θὴ
646 321 690 375 tiu
709 319 754 375 est
772 317 924 394 octoginta
942 317 1120 394 cubitorum,

102 408 133 464 et
156 406 182 462 tl
205 406 250 462 est
271 403 381 481 viginti
404 404 583 464 subitorum:
611 423 681 482 ergo
705 404 873 481 superficies
897 408 940 464 lm
967 409 1012 465 est
1034 407 1121 464 mille

102 497 133 552 θὴ
156 495 360 552 sexcentorum
383 493 556 552 subitorum.
603 493 677 553 (lum
694 494 788 571 igitur
805 495 1004 571 acceperimus
1024 515 1058 553 ex
1082 515 1119 554 eu

102 582 360 658 supersumus,
384 601 441 657 que
465 585 510 641 est
537 584 766 660 quingentorum
793 585 823 641 et
850 584 1040 661 septuaginta
1067 603 1120 642 sex

74 671 283 745 erubiturum,
309 670 475 730 remanebit
497 690 606 748 gnomo
629 673 720 731 lbmu
746 671 829 731 mille
856 672 966 748 viginti
990 676 1119 748 quatuor

103 760 282 833 subitorum,
310 778 366 835 que
395 762 440 818 θεὴ
468 761 582 835 equalis
609 761 760 837 triangulo
781 779 809 835 9.
860 759 919 820 Sed
941 781 1049 838 gnomo
1073 765 1122 822 est

103 849 218 925 equalis
251 847 415 924 superficiei
439 867 497 924 uu,
530 867 600 927 ergo
629 848 797 925 superficies
825 868 870 909 uu
897 853 943 909 est
973 851 1056 909 mille
1088 853 1120 909 θὴ

102 937 211 1015 viginti
235 939 363 1013 quatuor
385 937 560 1014 subitorum,
584 940 614 997 et
636 937 725 997 simul
747 956 836 1014 super
857 938 969 997 lineam
991 941 1032 998 ab
1061 940 1119 997 erit

104 1025 273 1103 superficies
297 1027 353 1100 bu,
385 1047 442 1102 que
471 1029 516 1086 θεὴ
543 1026 648 1086 similis
676 1027 842 1104 superficiei
864 1029 917 1103 du,
949 1028 1028 1104 quod
1050 1028 1121 1087 ideo

63 1133 90 1172 ro
104 1119 161 1192 est,
195 1111 336 1190 quoniam
359 1117 398 1174 ob
422 1117 467 1174 est
491 1117 571 1191 οθὴο,
603 1118 633 1174 θὴ
655 1133 698 1174 ou
720 1119 766 1176 est
787 1116 913 1194 triginta
936 1117 1007 1191 duo,
1040 1117 1120 1192 quod

104 1207 149 1264 θεὴ
164 1203 362 1280 quadruplum
376 1205 428 1277 οὐ,
448 1206 479 1262 θὴ
491 1204 568 1263 illud
581 1207 634 1280 est,
653 1205 732 1281 quod
745 1205 947 1264 demonstrare
961 1206 1121 1266 voluimus.

191 1293 241 1351 De
264 1293 386 1370 figura
408 1285 637 1375 trioesims.¹)
682 1293 766 1352 Idem
788 1296 841 1370 est,
865 1293 928 1354 sive
951 1295 991 1353 sit
1018 1314 1119 1370 super-

103 1382 183 1442 ficies
202 1383 247 1440 θεὴ
270 1382 435 1459 orthogona
458 1383 520 1442 sive
544 1402 613 1458 non,
635 1383 777 1458 quonism
794 1383 879 1459 illud,
903 1383 982 1459 quod
1005 1386 1050 1442 θεὴ
1068 1403 1120 1441 ne-

104 1471 272 1546 eessarium,
295 1489 355 1528 non
378 1474 432 1546 θεὴ,
454 1472 512 1531 nisi
535 1475 569 1530 ut
587 1473 648 1532 sint
664 1472 761 1530 lutera
779 1472 907 1548 equalis.
951 1472 1017 1530 Iem
1040 1473 1121 1548 quod

64 1561 187 1636 redixit,
209 1563 244 1618 ut
267 1560 306 1619 sit
328 1560 412 1635 illud,
436 1561 515 1636 quod
538 1561 681 1636 additum,
704 1561 800 1620 simile
823 1560 997 1638 superficiei,
1020 1561 1051 1618 id
1075 1563 1123 1620 θεὴ

104 1651 161 1725 θεὴ,
188 1643 352 1727 <suffieit>,
380 1649 522 1725 quonium
548 1650 603 1708 hoo
630 1650 825 1708 communiter
856 1645 1019 1728 (dieitur),
1050 1669 1118 1708 eam

103 1742 251 1797 rectorum
274 1737 452 1814 angulorum
479 1757 550 1798 esse.
601 1737 685 1807 Quod
712 1739 739 1798 si
766 1738 854 1796 aliter
879 1739 1006 1797 intentio
1034 1741 1124 1813 esset,

104 1828 163 1886 nisi
186 1828 230 1885 acl
256 1826 334 1883 foret
361 1828 509 1884 rectorum
537 1826 726 1903 ungulorum,
754 1829 831 1887 esset
859 1827 921 1886 eius
949 1827 1060 1887 dietum
1088 1829 1120 1885 in

105 1916 220 1974 addito:
254 1916 404 1990 opportet,
431 1917 466 1972 ut
493 1915 533 1973 sit
560 1915 739 1990 quadratum
761 1919 910 1975 rectorum
932 1917 1122 1994 angulorum.

64 2019 92 2060 so
194 2002 244 2060 De
275 2003 461 2061 tricesima
493 2004 649 2062 seeundo
680 1997 842 2083 figurs.²)
905 2005 1122 2065 Testimonium

105 2093 169 2151 eius
196 2091 240 2150 ita
268 2093 321 2148 est.
376 2089 462 2160 Quod
489 2093 642 2169 proportio
669 2093 764 2169 prime
785 2096 826 2168 pb
854 2095 894 2152 ed
920 2095 1044 2153 terciam
1068 2096 1122 2170 bu,

105 2201 173 2240 eum
197 2179 236 2238 sit
254 2175 374 2260 <sieut>
392 2181 545 2258 proportio
565 2182 670 2242 similis
688 2182 827 2242 adiuncto
846 2183 885 2242 ad
902 2183 1038 2260 primam,
1061 2202 1122 2259 que

106 2272 151 2328 est
172 2271 227 2344 pb,
256 2270 294 2328 ud
317 2269 443 2328 similem
466 2270 639 2330 adiunctum
661 2272 700 2330 ad
723 2272 891 2346 secundam,
914 2291 973 2348 que
997 2275 1042 2330 θεὴ
1064 2273 1123 2348 bu;

107 2363 137 2418 et
159 2358 297 2418 similiter
318 2359 472 2435 proportio
495 2360 599 2436 prime,
623 2380 681 2436 que
705 2364 750 2420 est
773 2362 821 2435 by,
844 2361 883 2418 sd
904 2360 1037 2436 terciam,
1061 2380 1121 2436 que

64 2462 92 2503 ss
106 2451 152 2511 ¹est
176 2449 233 2524 pel,
262 2452 307 2507 θεὴ
334 2447 412 2507 siout
438 2449 592 2525 proportio
620 2449 725 2508 similis
752 2449 892 2508 adiuncto
919 2449 958 2508 ad
984 2450 1124 2526 primam,

107 2557 165 2613 que
190 2540 235 2596 θεὴ
257 2538 311 2613 by,
339 2538 377 2595 ed
405 2536 532 2596 similem
558 2537 731 2597 adiunctum
753 2533 833 2617 (ed)
860 2539 1033 2613 seeundum,
1061 2558 1122 2614 que

178 2747 202 2796 8.
223 2743 312 2796 eruut.
332 2773 366 2781 —
387 2746 428 2795 16,
449 2739 594 2813 quonium]
613 2759 705 2810 quem.

179 2957 206 3023 1)
232 2954 368 3008 Eucumrs
388 2954 438 3023 VI,
463 2960 497 3008 30
525 2953 656 3025 (Currum
673 2955 725 3024 VI,
749 2961 795 3024 293
823 2956 969 3010 Hemsuon
986 2955 1037 3024 VI,
1061 2958 1122 3026 30):

109 3027 262 3096 Quamlibet
284 3027 385 3080 lineam
403 3027 574 3096 propositum
591 3028 738 3082 seeundum
756 3030 966 3098 proportionem·
982 3028 1122 3082 lubentem

106 3098 224 3152 medium
242 3103 267 3151 et
282 3098 338 3151 cluo
356 3105 474 3152 extrema
491 3114 588 3152 secure.

179 3169 205 3236 2)
227 3167 365 3221 Eucumss
383 3168 433 3236 VI,
457 3173 491 3221 32
515 3167 647 3236 (Csmur
669 3171 698 3222 et
724 3168 870 3223 Eumenen
887 3169 938 3239 VI,
963 3174 1010 3239 31,
1034 3185 1121 3237 quere

106 3240 261 3293 Assmrruu
278 3238 499 3309 propositionem
517 3238 564 3307 VI,
579 3244 613 3292 30
632 3238 753 3294 (leuem
769 3239 800 3292 in
819 3240 918 3294 eadem
935 3240 997 3295 loeo
1016 3239 1122 3310 legisse

106 3311 210 3381 putet):
242 3311 280 3366 Iu
303 3311 377 3365 omui
398 3311 536 3380 triaupulo
558 3312 716 3382 reetuupulo
738 3313 892 3380 superficies
914 3313 1021 3379 leteris,
1048 3312 1121 3381 quod

106 3382 280 3437 subtenditur
293 3382 394 3452 aupulo
406 3388 486 3448 reete,
504 3382 608 3450 equalis
621 3389 659 3437 eet
671 3383 861 3452 superficiebus
874 3384 991 3438 duorum
1005 3384 1121 3437 luterum

107 3454 242 3524 eupulum
251 3459 350 3508 rectum
364 3453 561 3507 eeutiueutium
569 3454 678 3522 pariter
692 3454 815 3522 acceptis,
829 3471 890 3509 eum
902 3456 1007 3522 fuerint
1020 3456 1124 3509 similes

108 3527 134 3580 ei
151 3526 184 3579 iu
202 3525 347 3579 liueatioue
365 3530 390 3579 et
407 3523 549 3581 ereutioue.
